1951 3194
137 250 406 300 [1050-1056]
634 248 791 286 LIBER
821 246 1058 286 TEaTms.
1505 249 1555 285 57

136 328 359 374 Ecclesiae
386 324 591 372 libenter
617 325 940 390 praesentavit.
961 324 1074 371 Inde
1101 322 1387 371 Teodericus
1414 322 1557 369 abbas

138 416 185 453 et
208 405 346 451 laetus
370 414 418 450 et
450 404 598 450 tristis
622 403 816 449 effectus
841 413 935 460 est;
965 403 1101 448 laetus
1126 418 1214 465 pro
1240 412 1369 447 tanta
1397 401 1557 448 senio-

138 485 203 530 ris
226 484 506 539 devotione,
530 500 621 546 qua
643 480 881 540 fervebat,
903 491 950 527 et
971 498 1075 544 quae
1102 497 1210 527 eum
1235 490 1330 525 tam
1353 477 1558 526 laborio-

140 581 244 608 sum
276 563 366 609 iter
394 562 605 625 arripere
636 558 888 616 monebat3
924 559 1070 604 tristis
1101 575 1190 622 pro
1221 575 1395 622 magno
1429 556 1558 603 sola—

139 640 293 696 mine,
332 639 462 703 quod
502 640 549 684 in
585 636 786 701 praefato
823 637 1008 683 seniore
1045 635 1321 692 amittebat,
1359 636 1468 700 quia
1504 635 1561 680 ad

141 736 284 765 omne
317 734 434 780 opus
464 715 648 762 bonum
682 725 934 778 promptus
964 713 1211 760 existebat.
1246 714 1464 778 Denique
1487 713 1562 758 vir

144 797 225 842 Dei
262 805 308 842 et
337 792 594 841 Rotbertus
629 793 792 856 prior,
835 801 1057 856 totusque
1095 802 1386 848 conventus,
1424 791 1564 837 dom-

144 891 261 920 num
278 871 590 918 Willermum
624 870 724 917 Deo
757 869 1236 925 commendaverunt,
1266 869 1403 933 eique
1429 868 1564 914 Gun-

142 949 321 995 fridum
346 947 687 1012 peritissimum
717 945 1030 1003 monachum,
1058 956 1105 993 et
1135 946 1395 1010 Rogerium
1421 944 1565 990 Gem-

145 1027 450 1074 meticensem
475 1025 716 1090 egregium
739 1025 1021 1088 scriptorem
1037 1059 1049 1080 ‚
1078 1023 1288 1088 aliosque
1312 1021 1565 1069 duodecim

147 1102 450 1151 honorabiles
462 1102 665 1149 famulos
680 1102 1047 1148 associaverunt.
1061 1100 1144 1148 Ille
1159 1110 1318 1147 autem
1330 1110 1566 1145 transcen-

148 1181 207 1226 sis
248 1178 446 1244 Alpibus
483 1180 682 1224 Romam
719 1179 887 1242 petiit3
929 1188 975 1224 et
1014 1177 1122 1224 inde
1160 1177 1252 1223 iter
1287 1193 1481 1239 carpens
1518 1176 1567 1220 in

150 1257 319 1320 Apulia
349 1256 531 1312 filium,
564 1255 772 1320 aliosque
803 1255 976 1302 amicos
1004 1265 1050 1301 et
1078 1254 1235 1300 affines
1267 1270 1319 1298 ac
1349 1263 1566 1316 parentes

154 1333 352 1379 invenit.
379 1331 470 1391 Qui
506 1332 605 1378 viso
637 1349 692 1379 eo
716 1331 848 1378 valde
873 1331 1016 1396 gavisi
1049 1340 1190 1387 sunt,
1223 1347 1426 1393 eumque
1458 1346 1568 1374 cum

151 1427 325 1473 magno
365 1409 548 1455 bonore
586 1409 746 1473 aliquo
786 1419 1000 1473 tempore
1038 1426 1196 1455 secum
1232 1407 1566 1461 retinuerunt,

153 1489 288 1552 eique
313 1487 370 1533 ad
396 1488 790 1533 sustentationem
822 1487 1028 1533 ecclesiae
1046 1523 1057 1544 ‚
1085 1502 1174 1551 pro
1209 1502 1301 1549 qua
1332 1483 1567 1530 mendica-

154 1565 232 1612 bat
245 1601 258 1623 ,
285 1565 432 1611 multa
452 1576 498 1612 et
522 1582 687 1629 magna
711 1582 908 1611 munera
933 1563 1181 1610 dederunt.
1211 1564 1313 1626 Ipse
1333 1578 1447 1607 vero
1466 1578 1570 1624 ege-

155 1643 226 1688 nis
253 1641 481 1688 fratribus
506 1643 598 1688 suis
627 1642 908 1689 festinanter
933 1641 1184 1688 subvenire
1211 1640 1403 1695 volens,
1437 1638 1574 1684 Gun—

154 1721 333 1768 fridum
373 1721 664 1768 monachum
705 1738 814 1768 cum
851 1737 1024 1785 magno
1067 1736 1211 1766 censu
1245 1718 1462 1773 remisit3
1497 1715 1575 1762 sed

154 1800 344 1846 occulto
382 1800 469 1846 Dei
503 1799 685 1863 judicio
726 1799 862 1845 aliter
899 1816 1042 1863 quam
1083 1795 1360 1861 sperabatur
1399 1794 1572 1841 evenit,

155 1877 275 1923 Nam
300 1876 564 1924 Gunfridus
593 1878 793 1922 Romam
819 1876 974 1932 venit,
1010 1874 1174 1939 ibique
1206 1875 1254 1919 in
1285 1871 1577 1919 monasterio

157 1955 204 2000 S.
232 1955 362 2000 Pauli
389 1955 590 2018 apostoli
617 1954 823 2001 hiemare
845 1954 1072 2000 decrevit.
1100 1953 1141 1998 A
1168 1951 1394 1998 Romanis
1418 1960 1577 1996 autem

156 2048 246 2094 pro
264 2031 519 2094 cupiditate
538 2031 658 2087 auri,
677 2029 805 2095 quod
819 2029 1001 2077 ferebat
1016 2066 1029 2087 ‚
1050 2046 1236 2076 veneno
1256 2028 1459 2074 infectus
1478 2036 1574 2081 est;

157 2109 316 2173 sicque
351 2108 633 2155 venerabilis
668 2109 946 2173 peregrinus
987 2109 1034 2154 in
1071 2106 1368 2154 confessione
1404 2104 1579 2150 Christi

158 2187 260 2232 idus
282 2185 544 2233 decembris
565 2186 818 2233 defunctus
842 2197 928 2234 est.
952 2185 1236 2233 VVillermus
1260 2200 1453 2249 quoque
1479 2198 1579 2227 non

157 2265 312 2311 multo
338 2275 446 2328 post
479 2265 568 2311 iter
594 2264 823 2312 redeundi
850 2282 959 2311 eum
992 2264 1174 2329 ingenti
1208 2262 1409 2327 pecunia
1444 2260 1576 2314 iniit;

161 2339 239 2387 sed
270 2341 327 2386 ad
359 2341 555 2397 urbem,
590 2360 697 2406 quae
728 2361 752 2388 a
782 2343 937 2388 Caieta
969 2342 1158 2388 nutrice
1189 2338 1384 2402 Trojani
1416 2337 1582 2383 AEneae

161 2426 358 2462 vocatur
375 2418 444 2480 (Ι)
460 2453 472 2473 ,
495 2418 688 2465 veniens
710 2418 979 2465 lethiferam
1000 2416 1334 2482 aegritudinem
1354 2412 1576 2459 incurrit.

161 2496 300 2540 Tunc
323 2493 440 2540 duos
473 2494 674 2554 milites,
709 2495 1058 2543 Anschetillum
1086 2495 1143 2541 de
1173 2493 1351 2539 Noerio
1376 2490 1581 2536 Ascelini

164 2571 341 2625 filium,
372 2581 419 2616 et
442 2570 757 2618 Teodelinum
781 2573 838 2619 de
857 2573 1056 2619 Tanesia
1090 2573 1146 2617 ad
1183 2588 1227 2616 se
1253 2569 1461 2623 vocavit,
1493 2567 1579 2613 eis-

211 2743 402 2787 (1)(33ἒῒεΔ
