1951 3194
265 254 341 290 102
628 250 871 290 HISTORIA
902 251 1307 293 ECCLESIASTICA.
1543 257 1683 308 [1063]

264 330 440 378 lermus
462 331 558 377 dux
585 348 694 377 cum
717 330 865 377 valida
890 347 1035 376 manu
1063 342 1356 380 armatorum
1384 334 1568 382 Sartam
1590 335 1684 382 ssu-

264 409 396 455 vium
426 409 639 465 transiit,
674 407 947 472 multosque
979 408 1399 457 Cenomannorum
1431 430 1526 460 sese
1560 413 1684 459 illius

267 487 428 533 manui
453 485 707 533 subdentes
727 485 986 533 clementer
1007 488 1238 552 suscepit,
1266 499 1312 536 et
1329 490 1554 553 quamdiu
1577 508 1685 555 pos-

268 575 341 612 tea
366 564 483 611 vixit
502 564 660 628 (annis
686 563 863 611 scilicet
888 565 1024 628 xxiv)
1039 601 1052 622 ,
1074 564 1308 629 subjectos
1327 568 1434 631 jure
1456 567 1681 630 possedit.

267 642 497 689 Praefatus
530 641 763 688 nimirum
783 643 973 706 juvenis
1005 653 1112 707 post
1141 642 1331 691 obitum
1361 643 1584 693 Herberti
1619 663 1687 693 se-

270 718 421 767 nioris
458 720 603 783 patris
639 719 748 784 (qui
785 719 929 784 vulgo
962 720 1410 785 Evigilans-Canem
1443 723 1690 788 cognomi-

269 796 493 855 nabatur,
532 805 732 860 propter
767 797 1062 861 gravissimas
1110 797 1469 856 infestationes,
1510 817 1626 865 quas
1664 817 1689 845 a

270 872 462 938 perfidis
490 870 706 919 affinibus
731 874 824 920 suis
850 874 1264 939 Andegavensibus
1294 876 1579 924 incessanter
1608 895 1689 942 pa-

273 951 514 1016 tiebatur)
559 951 759 999 consilio
804 952 958 1000 Bertae
1007 954 1171 1001 matris
1208 972 1332 1012 suae,
1375 972 1422 1001 se
1460 973 1692 1019 suumque

270 1030 620 1094 patrimonium
638 1029 900 1077 fortissimo
919 1031 1026 1077 duci
1047 1031 1439 1079 Normannorum
1457 1049 1694 1080 commen-

272 1106 487 1164 daverat,
509 1116 555 1153 et
578 1106 884 1171 Margaritam
908 1124 1123 1155 sororem
1148 1125 1280 1154 suam
1298 1107 1546 1156 Rodberto
1567 1111 1692 1173 ejus-

273 1181 381 1228 dem
405 1181 536 1228 ducis
560 1178 660 1229 filio
686 1183 735 1228 in
760 1184 1039 1248 conjugium
1057 1183 1273 1241 dederat,
1302 1201 1411 1230 cum
1431 1203 1522 1249 qua
1547 1184 1695 1233 haere-

274 1260 471 1307 ditatem
491 1278 622 1306 suam
646 1281 656 1306 :
678 1262 959 1308 comitatum
975 1261 1153 1308 scilicet
1168 1262 1609 1309 Cenomannensem
1624 1298 1637 1318 ,
1657 1265 1693 1309 si

275 1337 375 1384 sine
409 1336 572 1384 liberis
603 1337 791 1393 obiret,
828 1349 1142 1385 concesserat.
1173 1338 1263 1384 Sed
1297 1339 1408 1403 quia
1434 1338 1696 1385 Walterius

274 1415 654 1462 Pontesiensium
696 1433 879 1473 comeS,
921 1415 1045 1462 filius
1079 1416 1316 1479 Drogonis
1353 1416 1570 1473 comitis,
1608 1416 1690 1480 qui

274 1509 384 1538 cum
402 1490 652 1539 Rodberto
672 1493 858 1539 seniore
874 1492 1271 1540 Normannorum
1292 1493 1410 1540 duce
1435 1494 1481 1539 in
1504 1494 1692 1540 Jerusa-

274 1570 371 1617 lem
400 1570 516 1616 ierat
533 1605 546 1627 ‚
579 1580 626 1616 et
651 1571 700 1615 in
725 1570 809 1617 illo
834 1571 1004 1617 itinere
1027 1572 1305 1636 peregrinus
1328 1569 1513 1618 obierat
1531 1606 1543 1626 ,
1579 1570 1696 1619 Bio-

277 1657 374 1692 tam
405 1646 620 1710 Hugonis
654 1645 1120 1694 cenomannensium
1156 1647 1342 1694 comitis
1378 1646 1550 1703 filiam,
1590 1665 1698 1712 quae

277 1724 419 1770 amita
448 1723 666 1787 praedicti
693 1725 881 1788 juvenis
913 1735 1038 1783 erat,
1074 1726 1123 1771 in
1156 1726 1431 1790 conjugium
1463 1725 1694 1780 habebam

280 1812 437 1848 totum
460 1801 741 1848 comitatum
764 1805 1206 1849 Cenomannensem
1231 1802 1626 1861 calumniabatur,
1652 1814 1699 1848 et

281 1898 337 1926 ex
372 1889 505 1944 parte
538 1878 823 1943 possidebat.
860 1880 977 1926 Nam
1012 1881 1158 1944 ipsam
1192 1880 1389 1937 urbem,
1419 1898 1526 1945 quae
1560 1889 1700 1943 caput

282 1968 351 2004 est
385 1958 674 2022 provinciae,
715 1957 993 2005 Goissredus
1026 1958 1083 2004 de
1114 1958 1344 2005 Meduana
1376 1968 1423 2005 et
1457 1957 1698 2004 Hubertus

282 2036 340 2083 de
367 2037 537 2082 Sancta
571 2038 781 2082 Susanna
810 2037 880 2100 (ι)
901 2073 913 2093 ,
942 2036 1115 2101 aliique
1145 2047 1362 2100 potentes
1394 2037 1444 2082 in
1476 2036 1699 2083 fidelitate

282 2114 507 2161 Walterii
547 2115 720 2160 acriter
763 2113 1016 2171 tenebant,
1058 2115 1164 2179 quia
1202 2115 1583 2162 Normannicum
1616 2115 1700 2176 ju·-

285 2208 398 2255 gum
430 2190 529 2249 his,
561 2189 733 2253 quibus
777 2191 996 2237 imminet
1031 2191 1358 2255 pravissimum
1399 2200 1498 2246 est,
1541 2188 1700 2235 subire

1031 2227 1058 2255 a,

286 2267 427 2313 nimis
449 2266 791 2314 formidabant.
820 2269 982 2332 Itaque
1005 2268 1120 2314 dnm
1143 2268 1469 2331 magnanimus
1490 2267 1585 2312 dux
1613 2266 1701 2313 fre-

288 2466 352 2499 par
366 2452 579 2488 Guillaume
597 2452 697 2487 n'eut
713 2465 774 2499 pas
789 2452 861 2487 lieu
878 2464 923 2486 en
942 2452 1040 2496 1064,
1062 2453 1150 2486 mais
1165 2465 1210 2487 en
1233 2451 1331 2487 1063.
1349 2452 1509 2487 Herbert
1524 2452 1561 2486 II
1575 2452 1700 2486 n'etait

290 2524 349 2557 pas
370 2512 424 2546 fils
445 2504 937 2547 d'Hcrbert-Eveille-Chien
950 2541 958 2556 ‚
985 2525 1126 2547 comme
1147 2512 1180 2547 le
1198 2512 1251 2547 dit
1265 2520 1370 2547 notre
1388 2520 1531 2556 auteur,
1547 2512 1636 2546 mais
1655 2511 1700 2544 de

291 2573 441 2618 Ungues
466 2573 523 2616 II,
546 2585 610 2607 son
632 2572 684 2607 fils
699 2601 707 2615 ,
738 2580 774 2607 et
794 2573 838 2607 dc
860 2574 965 2608 Bertc
993 2573 1038 2608 de
1058 2573 1168 2607 Blois.
1189 2572 1286 2608 C'est
1311 2585 1356 2607 au
1374 2573 1554 2607 contraire
1579 2571 1700 2605 Biotte

289 2630 352 2676 qui
381 2630 470 2664 etait
500 2631 571 2665 fillo
598 2623 1111 2675 d'Horbert-Eveille-Chien‚
1133 2638 1169 2666 ct
1188 2644 1252 2678 par
1277 2634 1501 2679 consequent
1526 2637 1626 2665 tante
1649 2629 1693 2663 de

292 2688 451 2723 Hvrhert
468 2690 514 2723 ΙΙ.

336 2750 384 2791 (1)
410 2748 733 2793 Saintc-Snsannv,
756 2753 1063 2787 arrondissemcnt
1083 2753 1127 2786 de
1146 2752 1247 2787 Lava!
1269 2751 1490 2796 (Mayennc).
