1951 3194
656 251 809 289 LIBER
840 250 1075 288 TERTIUS.
1503 253 1571 290 161

162 334 303 399 gratis
330 332 502 388 indidi,
531 342 584 377 ut
619 332 730 378 istos
756 331 937 378 codices
961 330 1083 376 avidi
1107 330 1307 378 lectores
1333 330 1581 395 inquirant

160 410 249 456 sibi
267 446 279 466 ,
312 410 423 474 quia
455 427 680 472 magnum
711 409 951 471 sapientiae
983 407 1193 454 fructum
1222 406 1386 454 ferunt
1424 418 1470 454 et
1502 408 1581 453 vix

163 487 365 534 inveniri
404 498 619 550 possunt.
664 485 703 531 A
742 485 985 533 modernis
1028 486 1156 533 enim
1196 485 1308 532 editi
1351 496 1491 543 sunt,
1534 496 1581 532 et

159 563 313 610 adhuc
338 564 508 627 passim
533 581 617 626 per
640 561 807 609 orbem
831 562 987 608 diffusi
1022 580 1119 609 non
1149 572 1278 608 sunt.
1302 563 1466 609 Unum
1494 579 1582 610 eo—

159 659 268 687 rum
292 641 543 705 W'igornae
573 640 669 686 vidi
703 641 751 686 in
777 639 974 703 Anglia‚
1007 652 1054 686 et
1088 641 1292 687 alterum
1326 641 1582 688 Cameraco

161 721 208 765 in
239 719 562 783 Lotharingia.
599 718 914 764 Familiariter
941 718 1151 764 ostendit
1181 718 1277 763 illic
1314 718 1432 764 mihi
1468 719 1582 765 Ful-

159 795 321 843 bertus
345 797 551 858 prudens
577 794 719 840 abbas
742 794 955 841 coenobii
982 796 1138 840 Sancti
1174 795 1388 859 Sepulcri
1406 831 1419 853 ‚
1452 796 1582 861 quod

162 876 209 919 in
242 872 599 936 septentrionali
641 883 773 937 parte
812 872 1049 919 Cameraci
1091 871 1250 919 studio
1295 873 1581 920 aedificatum

160 961 227 998 est
254 969 305 996 ac
337 950 605 1014 sumptibus
631 950 811 997 Liberti
844 949 1051 1014 ejusdem
1087 949 1220 996 urbis
1251 951 1459 1014 episcopi
1482 952 1578 1015 (1),

158 1027 238 1074 ubi
265 1029 388 1075 idem
418 1029 589 1092 praesul
617 1028 881 1077 honorifice
905 1030 1081 1076 meruit
1106 1028 1314 1093 sepeliri.

222 1104 298 1151 Ad
311 1106 634 1170 requiemjam
649 1105 794 1152 fessus
811 1105 1008 1163 anhelo,
1031 1117 1078 1153 et
1093 1106 1415 1153 ecclesiasticae
1434 1107 1583 1154 histo-

157 1184 264 1241 riae,
291 1201 434 1247 quam
456 1183 513 1230 de
538 1185 950 1246 contemporaneis
975 1194 1020 1230 et
1044 1184 1376 1231 collimitaneis
1401 1185 1581 1248 princi-

156 1261 296 1325 pibus
325 1273 466 1325 atque
489 1261 731 1307 didascalis
752 1263 905 1308 veraci
931 1261 1203 1325 deprompsi
1235 1261 1414 1308 calamo
1432 1297 1444 1319 ,
1475 1264 1581 1327 pri—

158 1355 290 1383 mum
314 1336 531 1384 libellum
555 1337 632 1383 hic
658 1339 914 1385 terminare
939 1337 1160 1402 dispono.
1189 1339 1245 1383 In
1271 1338 1578 1403 sequentibus

157 1433 270 1463 vero
309 1416 446 1462 latius
480 1415 538 1462 de
572 1434 679 1480 rege
713 1416 979 1463 Guillermo
1012 1416 1265 1473 disseram,
1292 1417 1580 1482 miserasque

157 1494 443 1541 mutationes
479 1494 750 1557 Anglorum
782 1505 829 1540 et
855 1494 1253 1541 Normannorum
1282 1495 1382 1541 sine
1414 1494 1581 1541 adula-

157 1573 288 1620 tione
320 1571 550 1627 referam,
598 1572 775 1618 nullius
815 1573 1216 1620 remunerationis
1252 1590 1275 1617 a
1316 1572 1579 1619 victoribus

156 1668 234 1697 seu
257 1651 392 1696 victis
415 1661 636 1714 expetens
663 1650 1100 1697 honorificentiam.

158 1831 348 1877 bimfinit,
371 1845 484 1878 usque
499 1833 552 1867 ad
568 1847 706 1867 annum
726 1834 863 1868 Christi
883 1846 986 1877 1112,
1008 1846 1079 1881 que
1096 1833 1147 1868 les
1161 1833 1345 1868 additions
1362 1841 1397 1868 et
1411 1834 1443 1868 la
1457 1835 1576 1869 conti-

158 1889 308 1923 nuation
326 1890 496 1936 jusqu'en
522 1891 610 1925 1206
633 1905 698 1938 par
723 1892 864 1927 Robert
880 1892 924 1927 de
947 1892 1123 1938 Torigni‚
1145 1891 1238 1926 abbe
1262 1891 1312 1925 du
1331 1898 1435 1926 mont
1452 1892 1574 1927 Saint-

160 1946 311 1989 michel,
333 1954 397 1981 ont
410 1949 526 1982 rendu
542 1951 612 1984 tres
627 1950 716 1984 utile
734 1952 753 1984 a
768 1949 901 1985 Petude
916 1950 961 1984 de
979 1950 1158 1984 l’histoiie
1173 1950 1217 1984 de
1237 1949 1477 1985 Rormandie.

204 2005 252 2049 (1)
289 2005 448 2040 Lictbert
468 2007 601 2054 eveque
632 2008 676 2041 de
694 2008 883 2051 cambrai,
912 2009 1107 2044 sondateur
1129 2009 1173 2043 (le
1193 2008 1353 2055 l’abbaye
1373 2008 1423 2043 du
1449 2009 1566 2045 Saint*

159 2051 330 2097 sepulcre
348 2064 392 2086 en
417 2053 515 2094 1064.

247 2833 298 2861 ΙΙ.
1311 2837 1358 2865 ΙΙ
