<?xml version="1.0" encoding="UTF-8"?>
<!DOCTYPE html PUBLIC "-//W3C//DTD XHTML 1.0 Transitional//EN"
    "http://www.w3.org/TR/xhtml1/DTD/xhtml1-transitional.dtd">
<html xmlns="http://www.w3.org/1999/xhtml" xml:lang="en" lang="en">
 <head>
  <title>
</title>
<meta http-equiv="Content-Type" content="text/html;charset=utf-8" />
  <meta name='ocr-system' content='tesseract 3.04.00' />
  <meta name='ocr-capabilities' content='ocr_page ocr_carea ocr_par ocr_line ocrx_word'/>
</head>
<body>
  <div class='ocr_page' id='page_1' title='image "./ordericivitalish02ordeuoft/ordericivitalish02ordeuoft_0039.png"; bbox 0 0 1951 3194; ppageno 0'>
   <div class='ocr_carea' id='block_1_1' title="bbox 158 284 1568 337">
    <p class='ocr_par' dir='ltr' id='par_1_1' title="bbox 158 284 1568 337">
     <span class='ocr_line' id='line_1_1' title="bbox 158 284 1568 337; baseline -0.003 -12"><span class='ocrx_word' id='word_1_1' title='bbox 158 288 295 337; x_wconf 79' lang='lat'>[1050]</span> <span class='ocrx_word' id='word_1_2' title='bbox 654 285 807 324; x_wconf 85' lang='lat' dir='ltr'>LIBER</span> <span class='ocrx_word' id='word_1_3' title='bbox 837 284 1072 323; x_wconf 76' lang='lat' dir='ltr'>TERTlUs.</span> <span class='ocrx_word' id='word_1_4' title='bbox 1525 287 1568 322; x_wconf 75' lang='lat'>21</span> 
     </span>
    </p>
   </div>
   <div class='ocr_carea' id='block_1_2' title="bbox 150 364 1576 2368">
    <p class='ocr_par' dir='ltr' id='par_1_2' title="bbox 150 364 1576 2368">
     <span class='ocr_line' id='line_1_2' title="bbox 157 364 1575 431; baseline -0.003 -18"><span class='ocrx_word' id='word_1_5' title='bbox 157 376 441 431; x_wconf 84' lang='lat' dir='ltr'>competunt</span> <span class='ocrx_word' id='word_1_6' title='bbox 458 401 470 422; x_wconf 90' lang='lat'>,</span> <span class='ocrx_word' id='word_1_7' title='bbox 510 366 762 430; x_wconf 80' lang='lat' dir='ltr'>vigilanter</span> <span class='ocrx_word' id='word_1_8' title='bbox 798 364 1133 412; x_wconf 82' lang='lat' dir='ltr'>exercendum.</span> <span class='ocrx_word' id='word_1_9' title='bbox 1180 367 1329 410; x_wconf 71' lang='lat' dir='ltr'>Porro</span> <span class='ocrx_word' id='word_1_10' title='bbox 1374 374 1575 428; x_wconf 77' lang='lat' dir='ltr'>agrestes</span> 
     </span>
     <span class='ocr_line' id='line_1_3' title="bbox 158 441 1570 500; baseline -0.003 -11"><span class='ocrx_word' id='word_1_11' title='bbox 158 445 353 500; x_wconf 87' lang='lat' dir='ltr'>incolae,</span> <span class='ocrx_word' id='word_1_12' title='bbox 382 442 464 489; x_wconf 86' lang='lat' dir='ltr'>ubi</span> <span class='ocrx_word' id='word_1_13' title='bbox 496 453 639 489; x_wconf 86' lang='lat' dir='ltr'>tantae</span> <span class='ocrx_word' id='word_1_14' title='bbox 667 444 927 489; x_wconf 82' lang='lat' dir='ltr'>sanctitatis</span> <span class='ocrx_word' id='word_1_15' title='bbox 951 442 1158 488; x_wconf 85' lang='lat' dir='ltr'>studium</span> <span class='ocrx_word' id='word_1_16' title='bbox 1186 442 1235 486; x_wconf 90' lang='lat' dir='ltr'>in</span> <span class='ocrx_word' id='word_1_17' title='bbox 1260 458 1371 487; x_wconf 83' lang='lat' dir='ltr'>rure</span> <span class='ocrx_word' id='word_1_18' title='bbox 1395 441 1570 496; x_wconf 85' lang='lat' dir='ltr'>sterili,</span> 
     </span>
     <span class='ocr_line' id='line_1_4' title="bbox 157 519 1574 587; baseline -0.006 -17"><span class='ocrx_word' id='word_1_19' title='bbox 157 523 367 587; x_wconf 85' lang='lat' dir='ltr'>olimque</span> <span class='ocrx_word' id='word_1_20' title='bbox 391 522 472 568; x_wconf 91' lang='lat' dir='ltr'>diu</span> <span class='ocrx_word' id='word_1_21' title='bbox 495 522 680 569; x_wconf 84' lang='lat' dir='ltr'>deserto</span> <span class='ocrx_word' id='word_1_22' title='bbox 703 520 944 576; x_wconf 85' lang='lat' dir='ltr'>viderunt,</span> <span class='ocrx_word' id='word_1_23' title='bbox 967 519 1186 566; x_wconf 85' lang='lat' dir='ltr'>admirari</span> <span class='ocrx_word' id='word_1_24' title='bbox 1214 530 1485 582; x_wconf 85' lang='lat' dir='ltr'>coeperunt.</span> <span class='ocrx_word' id='word_1_25' title='bbox 1513 521 1574 564; x_wconf 74' lang='lat' dir='ltr'>Et,</span> 
     </span>
     <span class='ocr_line' id='line_1_5' title="bbox 157 596 1572 664; baseline -0.004 -18"><span class='ocrx_word' id='word_1_26' title='bbox 157 599 265 646; x_wconf 86' lang='lat' dir='ltr'>inde</span> <span class='ocrx_word' id='word_1_27' title='bbox 283 599 472 664; x_wconf 84' lang='lat' dir='ltr'>quidam</span> <span class='ocrx_word' id='word_1_28' title='bbox 499 599 692 645; x_wconf 86' lang='lat' dir='ltr'>salutem</span> <span class='ocrx_word' id='word_1_29' title='bbox 706 634 719 655; x_wconf 94' lang='lat'>,</span> <span class='ocrx_word' id='word_1_30' title='bbox 742 598 966 643; x_wconf 85' lang='lat' dir='ltr'>nonnulli</span> <span class='ocrx_word' id='word_1_31' title='bbox 986 614 1101 644; x_wconf 86' lang='lat' dir='ltr'>vero</span> <span class='ocrx_word' id='word_1_32' title='bbox 1119 597 1463 645; x_wconf 75' lang='lat' dir='ltr'>detrimentum</span> <span class='ocrx_word' id='word_1_33' title='bbox 1484 596 1572 642; x_wconf 82' lang='lat' dir='ltr'>sibi</span> 
     </span>
     <span class='ocr_line' id='line_1_6' title="bbox 155 673 1573 740; baseline -0.004 -18"><span class='ocrx_word' id='word_1_34' title='bbox 155 687 476 740; x_wconf 87' lang='lat' dir='ltr'>sumpserunt.</span> <span class='ocrx_word' id='word_1_35' title='bbox 506 675 626 720; x_wconf 84' lang='lat' dir='ltr'>Nam</span> <span class='ocrx_word' id='word_1_36' title='bbox 651 674 844 739; x_wconf 82' lang='lat' dir='ltr'>quidam</span> <span class='ocrx_word' id='word_1_37' title='bbox 866 691 1038 720; x_wconf 87' lang='lat' dir='ltr'>eorum</span> <span class='ocrx_word' id='word_1_38' title='bbox 1065 673 1477 720; x_wconf 73' lang='lat' dir='ltr'>conversationem</span> <span class='ocrx_word' id='word_1_39' title='bbox 1503 673 1573 717; x_wconf 87' lang='lat' dir='ltr'>vi-</span> 
     </span>
     <span class='ocr_line' id='line_1_7' title="bbox 154 751 1574 808; baseline -0.003 -8"><span class='ocrx_word' id='word_1_40' title='bbox 154 753 317 800; x_wconf 82' lang='lat' dir='ltr'>dentes</span> <span class='ocrx_word' id='word_1_41' title='bbox 338 770 416 800; x_wconf 85' lang='lat' dir='ltr'>eos</span> <span class='ocrx_word' id='word_1_42' title='bbox 441 752 608 798; x_wconf 87' lang='lat' dir='ltr'>imitati</span> <span class='ocrx_word' id='word_1_43' title='bbox 631 762 767 808; x_wconf 84' lang='lat' dir='ltr'>sunt,</span> <span class='ocrx_word' id='word_1_44' title='bbox 794 763 840 799; x_wconf 90' lang='lat' dir='ltr'>et</span> <span class='ocrx_word' id='word_1_45' title='bbox 864 751 941 797; x_wconf 76' lang='lat' dir='ltr'>alii</span> <span class='ocrx_word' id='word_1_46' title='bbox 969 751 1235 798; x_wconf 78' lang='lat' dir='ltr'>invidentes</span> <span class='ocrx_word' id='word_1_47' title='bbox 1258 751 1451 798; x_wconf 84' lang='lat' dir='ltr'>diversis</span> <span class='ocrx_word' id='word_1_48' title='bbox 1472 768 1574 797; x_wconf 45' lang='lat' dir='ltr'>mon</span> 
     </span>
     <span class='ocr_line' id='line_1_8' title="bbox 156 827 1574 892; baseline -0.002 -16"><span class='ocrx_word' id='word_1_49' title='bbox 156 830 299 877; x_wconf 88' lang='lat' dir='ltr'>lestiis</span> <span class='ocrx_word' id='word_1_50' title='bbox 325 829 522 876; x_wconf 89' lang='lat' dir='ltr'>insecuti</span> <span class='ocrx_word' id='word_1_51' title='bbox 550 840 684 886; x_wconf 69' lang='lat' dir='ltr'>sunt,</span> <span class='ocrx_word' id='word_1_52' title='bbox 715 829 907 892; x_wconf 84' lang='lat' dir='ltr'>utrique</span> <span class='ocrx_word' id='word_1_53' title='bbox 936 845 1049 875; x_wconf 82' lang='lat' dir='ltr'>vero</span> <span class='ocrx_word' id='word_1_54' title='bbox 1072 827 1284 874; x_wconf 80' lang='lat' dir='ltr'>debitam</span> <span class='ocrx_word' id='word_1_55' title='bbox 1307 827 1574 874; x_wconf 82' lang='lat' dir='ltr'>mercedem</span> 
     </span>
     <span class='ocr_line' id='line_1_9' title="bbox 155 903 1574 970; baseline -0.001 -18"><span class='ocrx_word' id='word_1_56' title='bbox 155 906 596 970; x_wconf 78' lang='lat' dir='ltr'>aequissimojudice</span> <span class='ocrx_word' id='word_1_57' title='bbox 616 905 716 952; x_wconf 91' lang='lat' dir='ltr'>Deo</span> <span class='ocrx_word' id='word_1_58' title='bbox 734 904 962 951; x_wconf 85' lang='lat' dir='ltr'>reddente</span> <span class='ocrx_word' id='word_1_59' title='bbox 983 905 1139 968; x_wconf 81' lang='lat' dir='ltr'>adepti</span> <span class='ocrx_word' id='word_1_60' title='bbox 1159 914 1287 950; x_wconf 87' lang='lat' dir='ltr'>sunt.</span> <span class='ocrx_word' id='word_1_61' title='bbox 1309 903 1505 950; x_wconf 86' lang='lat' dir='ltr'>Nobiles</span> <span class='ocrx_word' id='word_1_62' title='bbox 1528 916 1574 950; x_wconf 89' lang='lat' dir='ltr'>et</span> 
     </span>
     <span class='ocr_line' id='line_1_10' title="bbox 153 981 1575 1046; baseline -0.003 -17"><span class='ocrx_word' id='word_1_63' title='bbox 153 982 416 1029; x_wconf 84' lang='lat' dir='ltr'>mediocres</span> <span class='ocrx_word' id='word_1_64' title='bbox 429 983 691 1046; x_wconf 80' lang='lat' dir='ltr'>inspirante</span> <span class='ocrx_word' id='word_1_65' title='bbox 702 982 802 1028; x_wconf 92' lang='lat' dir='ltr'>Deo</span> <span class='ocrx_word' id='word_1_66' title='bbox 817 981 929 1027; x_wconf 88' lang='lat' dir='ltr'>illuc</span> <span class='ocrx_word' id='word_1_67' title='bbox 944 981 1272 1038; x_wconf 84' lang='lat' dir='ltr'>confluebant,</span> <span class='ocrx_word' id='word_1_68' title='bbox 1288 992 1335 1028; x_wconf 89' lang='lat' dir='ltr'>et</span> <span class='ocrx_word' id='word_1_69' title='bbox 1347 981 1575 1027; x_wconf 83' lang='lat' dir='ltr'>orationi-</span> 
     </span>
     <span class='ocr_line' id='line_1_11' title="bbox 153 1057 1572 1116; baseline -0.003 -10"><span class='ocrx_word' id='word_1_70' title='bbox 153 1059 240 1106; x_wconf 89' lang='lat' dir='ltr'>bus</span> <span class='ocrx_word' id='word_1_71' title='bbox 260 1077 505 1107; x_wconf 85' lang='lat' dir='ltr'>servorum</span> <span class='ocrx_word' id='word_1_72' title='bbox 531 1060 615 1106; x_wconf 91' lang='lat' dir='ltr'>Dei</span> <span class='ocrx_word' id='word_1_73' title='bbox 633 1076 729 1107; x_wconf 87' lang='lat' dir='ltr'>sese</span> <span class='ocrx_word' id='word_1_74' title='bbox 748 1077 858 1105; x_wconf 90' lang='lat' dir='ltr'>cum</span> <span class='ocrx_word' id='word_1_75' title='bbox 876 1059 1131 1106; x_wconf 88' lang='lat' dir='ltr'>devotione</span> <span class='ocrx_word' id='word_1_76' title='bbox 1152 1057 1572 1116; x_wconf 77' lang='lat' dir='ltr'>commendabant,</span> 
     </span>
     <span class='ocr_line' id='line_1_12' title="bbox 153 1134 1574 1200; baseline -0.003 -17"><span class='ocrx_word' id='word_1_77' title='bbox 153 1136 469 1200; x_wconf 74' lang='lat' dir='ltr'>exhibitisque</span> <span class='ocrx_word' id='word_1_78' title='bbox 495 1135 737 1182; x_wconf 83' lang='lat' dir='ltr'>eharitatis</span> <span class='ocrx_word' id='word_1_79' title='bbox 758 1135 1039 1182; x_wconf 86' lang='lat' dir='ltr'>muneribus</span> <span class='ocrx_word' id='word_1_80' title='bbox 1061 1135 1209 1182; x_wconf 85' lang='lat' dir='ltr'>Deum</span> <span class='ocrx_word' id='word_1_81' title='bbox 1228 1171 1239 1190; x_wconf 92' lang='lat'>,</span> <span class='ocrx_word' id='word_1_82' title='bbox 1264 1136 1346 1198; x_wconf 85' lang='lat' dir='ltr'>qui</span> <span class='ocrx_word' id='word_1_83' title='bbox 1374 1134 1574 1181; x_wconf 70' lang='lat' dir='ltr'>famulos.</span> 
     </span>
     <span class='ocr_line' id='line_1_13' title="bbox 155 1211 1524 1277; baseline -0.002 -18"><span class='ocrx_word' id='word_1_84' title='bbox 155 1231 262 1262; x_wconf 88' lang='lat' dir='ltr'>suos</span> <span class='ocrx_word' id='word_1_85' title='bbox 287 1216 334 1260; x_wconf 93' lang='lat' dir='ltr'>in</span> <span class='ocrx_word' id='word_1_86' title='bbox 362 1214 663 1260; x_wconf 84' lang='lat' dir='ltr'>infructuoso</span> <span class='ocrx_word' id='word_1_87' title='bbox 689 1213 862 1277; x_wconf 78' lang='lat' dir='ltr'>cespite</span> <span class='ocrx_word' id='word_1_88' title='bbox 886 1212 1130 1277; x_wconf 82' lang='lat' dir='ltr'>pascebat,</span> <span class='ocrx_word' id='word_1_89' title='bbox 1158 1211 1524 1258; x_wconf 81' lang='lat' dir='ltr'>benedicebant.</span> 
     </span>
     <span class='ocr_line' id='line_1_14' title="bbox 218 1289 1574 1356; baseline -0.001 -19"><span class='ocrx_word' id='word_1_90' title='bbox 218 1292 404 1338; x_wconf 78' lang='lat' dir='ltr'>Meritis</span> <span class='ocrx_word' id='word_1_91' title='bbox 434 1293 591 1356; x_wconf 77' lang='lat' dir='ltr'>itaque</span> <span class='ocrx_word' id='word_1_92' title='bbox 619 1292 766 1337; x_wconf 83' lang='lat' dir='ltr'>sancti</span> <span class='ocrx_word' id='word_1_93' title='bbox 794 1291 939 1354; x_wconf 77' lang='lat' dir='ltr'>patris</span> <span class='ocrx_word' id='word_1_94' title='bbox 966 1289 1157 1335; x_wconf 71' lang='lat' dir='ltr'>Ebrulfi</span> <span class='ocrx_word' id='word_1_95' title='bbox 1182 1289 1394 1335; x_wconf 81' lang='lat' dir='ltr'>Uticensi</span> <span class='ocrx_word' id='word_1_96' title='bbox 1425 1289 1574 1336; x_wconf 86' lang='lat' dir='ltr'>eccle-</span> 
     </span>
     <span class='ocr_line' id='line_1_15' title="bbox 155 1366 1574 1434; baseline -0.001 -18"><span class='ocrx_word' id='word_1_97' title='bbox 155 1371 218 1416; x_wconf 88' lang='lat' dir='ltr'>sia</span> <span class='ocrx_word' id='word_1_98' title='bbox 253 1380 498 1434; x_wconf 81' lang='lat' dir='ltr'>surgente,</span> <span class='ocrx_word' id='word_1_99' title='bbox 531 1381 577 1416; x_wconf 84' lang='lat' dir='ltr'>et</span> <span class='ocrx_word' id='word_1_100' title='bbox 607 1387 693 1433; x_wconf 86' lang='lat' dir='ltr'>per</span> <span class='ocrx_word' id='word_1_101' title='bbox 722 1368 932 1414; x_wconf 84' lang='lat' dir='ltr'>studium</span> <span class='ocrx_word' id='word_1_102' title='bbox 967 1367 1276 1432; x_wconf 80' lang='lat' dir='ltr'>laboremque</span> <span class='ocrx_word' id='word_1_103' title='bbox 1301 1366 1574 1414; x_wconf 87' lang='lat' dir='ltr'>Geroiano-</span> 
     </span>
     <span class='ocr_line' id='line_1_16' title="bbox 152 1444 1575 1510; baseline -0.002 -17"><span class='ocrx_word' id='word_1_104' title='bbox 152 1466 262 1493; x_wconf 81' lang='lat' dir='ltr'>rum</span> <span class='ocrx_word' id='word_1_105' title='bbox 284 1447 340 1493; x_wconf 81' lang='lat' dir='ltr'>ad</span> <span class='ocrx_word' id='word_1_106' title='bbox 365 1448 598 1493; x_wconf 86' lang='lat' dir='ltr'>honorem</span> <span class='ocrx_word' id='word_1_107' title='bbox 627 1447 708 1492; x_wconf 78' lang='lat' dir='ltr'>Dei</span> <span class='ocrx_word' id='word_1_108' title='bbox 736 1446 947 1510; x_wconf 85' lang='lat' dir='ltr'>undique</span> <span class='ocrx_word' id='word_1_109' title='bbox 972 1455 1238 1499; x_wconf 81' lang='lat' dir='ltr'>crescente,</span> <span class='ocrx_word' id='word_1_110' title='bbox 1261 1444 1494 1507; x_wconf 80' lang='lat' dir='ltr'>Rogerius</span> <span class='ocrx_word' id='word_1_111' title='bbox 1518 1444 1575 1491; x_wconf 86' lang='lat' dir='ltr'>de</span> 
     </span>
     <span class='ocr_line' id='line_1_17' title="bbox 151 1519 1575 1585; baseline -0.004 -14"><span class='ocrx_word' id='word_1_112' title='bbox 151 1524 538 1572; x_wconf 85' lang='lat' dir='ltr'>Monte-Gomeri</span> <span class='ocrx_word' id='word_1_113' title='bbox 564 1524 655 1585; x_wconf 74' lang='grc' dir='ltr'>(ι),</span> <span class='ocrx_word' id='word_1_114' title='bbox 682 1522 949 1569; x_wconf 85' lang='lat' dir='ltr'>Oximensis</span> <span class='ocrx_word' id='word_1_115' title='bbox 974 1521 1256 1577; x_wconf 81' lang='lat' dir='ltr'>vicecomes,</span> <span class='ocrx_word' id='word_1_116' title='bbox 1285 1519 1575 1566; x_wconf 83' lang='lat' dir='ltr'>contribuli—</span> 
     </span>
     <span class='ocr_line' id='line_1_18' title="bbox 152 1597 1571 1666; baseline -0.004 -17"><span class='ocrx_word' id='word_1_117' title='bbox 152 1602 239 1649; x_wconf 87' lang='lat' dir='ltr'>bus</span> <span class='ocrx_word' id='word_1_118' title='bbox 259 1604 351 1651; x_wconf 87' lang='lat' dir='ltr'>suis</span> <span class='ocrx_word' id='word_1_119' title='bbox 376 1603 526 1666; x_wconf 85' lang='lat' dir='ltr'>coepit</span> <span class='ocrx_word' id='word_1_120' title='bbox 551 1601 762 1647; x_wconf 87' lang='lat' dir='ltr'>invidere</span> <span class='ocrx_word' id='word_1_121' title='bbox 783 1599 913 1664; x_wconf 87' lang='lat' dir='ltr'>quod</span> <span class='ocrx_word' id='word_1_122' title='bbox 936 1616 992 1645; x_wconf 90' lang='lat' dir='ltr'>eo</span> <span class='ocrx_word' id='word_1_123' title='bbox 1016 1599 1120 1662; x_wconf 86' lang='lat' dir='ltr'>plus</span> <span class='ocrx_word' id='word_1_124' title='bbox 1146 1597 1388 1645; x_wconf 85' lang='lat' dir='ltr'>ferverent</span> <span class='ocrx_word' id='word_1_125' title='bbox 1416 1597 1463 1642; x_wconf 91' lang='lat' dir='ltr'>in</span> <span class='ocrx_word' id='word_1_126' title='bbox 1489 1599 1571 1644; x_wconf 87' lang='lat' dir='ltr'>Dei</span> 
     </span>
     <span class='ocr_line' id='line_1_19' title="bbox 153 1674 1576 1740; baseline -0.004 -14"><span class='ocrx_word' id='word_1_127' title='bbox 153 1698 340 1737; x_wconf 86' lang='lat' dir='ltr'>amore,</span> <span class='ocrx_word' id='word_1_128' title='bbox 367 1690 413 1727; x_wconf 87' lang='lat' dir='ltr'>et</span> <span class='ocrx_word' id='word_1_129' title='bbox 436 1679 638 1726; x_wconf 90' lang='lat' dir='ltr'>omnino</span> <span class='ocrx_word' id='word_1_130' title='bbox 663 1677 881 1725; x_wconf 83' lang='lat' dir='ltr'>definivit</span> <span class='ocrx_word' id='word_1_131' title='bbox 912 1677 1036 1722; x_wconf 83' lang='lat' dir='ltr'>intra</span> <span class='ocrx_word' id='word_1_132' title='bbox 1067 1693 1113 1722; x_wconf 93' lang='lat' dir='ltr'>se</span> <span class='ocrx_word' id='word_1_133' title='bbox 1145 1674 1275 1740; x_wconf 79' lang='lat' dir='ltr'>quod</span> <span class='ocrx_word' id='word_1_134' title='bbox 1307 1691 1395 1739; x_wconf 85' lang='lat' dir='ltr'>pro</span> <span class='ocrx_word' id='word_1_135' title='bbox 1429 1674 1576 1721; x_wconf 87' lang='lat' dir='ltr'>salute</span> 
     </span>
     <span class='ocr_line' id='line_1_20' title="bbox 152 1751 1574 1820; baseline -0.006 -15"><span class='ocrx_word' id='word_1_136' title='bbox 152 1759 322 1805; x_wconf 68' lang='lat' dir='ltr'>animae</span> <span class='ocrx_word' id='word_1_137' title='bbox 346 1776 440 1804; x_wconf 66' lang='lat' dir='ltr'>suae</span> <span class='ocrx_word' id='word_1_138' title='bbox 466 1757 642 1803; x_wconf 82' lang='lat' dir='ltr'>faceret</span> <span class='ocrx_word' id='word_1_139' title='bbox 668 1773 787 1820; x_wconf 86' lang='lat' dir='ltr'>opus</span> <span class='ocrx_word' id='word_1_140' title='bbox 820 1754 1084 1801; x_wconf 85' lang='lat' dir='ltr'>consimile.</span> <span class='ocrx_word' id='word_1_141' title='bbox 1116 1753 1252 1800; x_wconf 83' lang='lat' dir='ltr'>Unde</span> <span class='ocrx_word' id='word_1_142' title='bbox 1284 1752 1447 1798; x_wconf 88' lang='lat' dir='ltr'>ascivit</span> <span class='ocrx_word' id='word_1_143' title='bbox 1471 1751 1574 1798; x_wconf 83' lang='lat' dir='ltr'>Gis-</span> 
     </span>
     <span class='ocr_line' id='line_1_21' title="bbox 150 1830 1573 1897; baseline -0.006 -14"><span class='ocrx_word' id='word_1_144' title='bbox 150 1836 388 1884; x_wconf 88' lang='lat' dir='ltr'>lebertum</span> <span class='ocrx_word' id='word_1_145' title='bbox 409 1835 706 1882; x_wconf 76' lang='lat' dir='ltr'>Castellionis</span> <span class='ocrx_word' id='word_1_146' title='bbox 727 1833 948 1880; x_wconf 84' lang='lat' dir='ltr'>abbatem</span> <span class='ocrx_word' id='word_1_147' title='bbox 968 1833 1041 1897; x_wconf 79' lang='lat'>(2)</span> <span class='ocrx_word' id='word_1_148' title='bbox 1065 1849 1174 1878; x_wconf 90' lang='lat' dir='ltr'>cum</span> <span class='ocrx_word' id='word_1_149' title='bbox 1195 1830 1439 1877; x_wconf 85' lang='lat' dir='ltr'>monachis</span> <span class='ocrx_word' id='word_1_150' title='bbox 1460 1831 1573 1887; x_wconf 87' lang='lat' dir='ltr'>suis,</span> 
     </span>
     <span class='ocr_line' id='line_1_22' title="bbox 152 1910 1575 1980; baseline -0.004 -21"><span class='ocrx_word' id='word_1_151' title='bbox 152 1917 235 1980; x_wconf 84' lang='lat' dir='ltr'>qui</span> <span class='ocrx_word' id='word_1_152' title='bbox 262 1913 580 1961; x_wconf 85' lang='lat' dir='ltr'>monachilem</span> <span class='ocrx_word' id='word_1_153' title='bbox 602 1912 727 1978; x_wconf 85' lang='lat' dir='ltr'>apud</span> <span class='ocrx_word' id='word_1_154' title='bbox 752 1913 1046 1959; x_wconf 88' lang='lat' dir='ltr'>Nuceretum</span> <span class='ocrx_word' id='word_1_155' title='bbox 1073 1910 1294 1957; x_wconf 89' lang='lat' dir='ltr'>ordinem</span> <span class='ocrx_word' id='word_1_156' title='bbox 1319 1920 1481 1956; x_wconf 86' lang='lat' dir='ltr'>tenere</span> <span class='ocrx_word' id='word_1_157' title='bbox 1503 1910 1575 1954; x_wconf 89' lang='lat' dir='ltr'>in-</span> 
     </span>
     <span class='ocr_line' id='line_1_23' title="bbox 153 1986 1572 2053; baseline -0.005 -15"><span class='ocrx_word' id='word_1_158' title='bbox 153 1992 435 2040; x_wconf 81' lang='lat' dir='ltr'>choaverant</span> <span class='ocrx_word' id='word_1_159' title='bbox 453 2029 467 2051; x_wconf 93' lang='lat'>,</span> <span class='ocrx_word' id='word_1_160' title='bbox 495 1991 574 2038; x_wconf 85' lang='lat' dir='ltr'>sed</span> <span class='ocrx_word' id='word_1_161' title='bbox 598 2002 784 2038; x_wconf 88' lang='lat' dir='ltr'>mutato</span> <span class='ocrx_word' id='word_1_162' title='bbox 810 1990 1011 2037; x_wconf 87' lang='lat' dir='ltr'>consilio</span> <span class='ocrx_word' id='word_1_163' title='bbox 1037 1990 1252 2053; x_wconf 76' lang='lat' dir='ltr'>Hugonis</span> <span class='ocrx_word' id='word_1_164' title='bbox 1277 1998 1323 2034; x_wconf 86' lang='lat' dir='ltr'>et</span> <span class='ocrx_word' id='word_1_165' title='bbox 1351 1986 1572 2034; x_wconf 88' lang='lat' dir='ltr'>Rotberti</span> 
     </span>
     <span class='ocr_line' id='line_1_24' title="bbox 156 2064 1570 2132; baseline -0.005 -17"><span class='ocrx_word' id='word_1_166' title='bbox 156 2070 297 2125; x_wconf 88' lang='lat' dir='ltr'>(sicut</span> <span class='ocrx_word' id='word_1_167' title='bbox 321 2087 457 2132; x_wconf 81' lang='lat' dir='ltr'>supra</span> <span class='ocrx_word' id='word_1_168' title='bbox 481 2067 754 2130; x_wconf 79' lang='lat' dir='ltr'>retulimus)</span> <span class='ocrx_word' id='word_1_169' title='bbox 779 2084 944 2113; x_wconf 81' lang='lat' dir='ltr'>eorum</span> <span class='ocrx_word' id='word_1_170' title='bbox 969 2065 1088 2112; x_wconf 77' lang='lat' dir='ltr'>velle</span> <span class='ocrx_word' id='word_1_171' title='bbox 1119 2064 1252 2129; x_wconf 85' lang='lat' dir='ltr'>sequi</span> <span class='ocrx_word' id='word_1_172' title='bbox 1287 2064 1570 2119; x_wconf 86' lang='lat' dir='ltr'>noluerant,</span> 
     </span>
     <span class='ocr_line' id='line_1_25' title="bbox 157 2140 1575 2210; baseline -0.005 -19"><span class='ocrx_word' id='word_1_173' title='bbox 157 2148 304 2193; x_wconf 86' lang='lat' dir='ltr'>immo</span> <span class='ocrx_word' id='word_1_174' title='bbox 342 2163 431 2210; x_wconf 88' lang='lat' dir='ltr'>pro</span> <span class='ocrx_word' id='word_1_175' title='bbox 470 2145 805 2191; x_wconf 84' lang='lat' dir='ltr'>immutatione</span> <span class='ocrx_word' id='word_1_176' title='bbox 842 2142 1218 2191; x_wconf 84' lang='lat' dir='ltr'>constructionis</span> <span class='ocrx_word' id='word_1_177' title='bbox 1258 2158 1335 2187; x_wconf 84' lang='lat' dir='ltr'>eos</span> <span class='ocrx_word' id='word_1_178' title='bbox 1372 2140 1575 2186; x_wconf 85' lang='lat' dir='ltr'>levitatis</span> 
     </span>
     <span class='ocr_line' id='line_1_26' title="bbox 156 2218 1574 2289; baseline -0.006 -19"><span class='ocrx_word' id='word_1_179' title='bbox 156 2235 403 2289; x_wconf 72' lang='lat' dir='ltr'>arguentes</span> <span class='ocrx_word' id='word_1_180' title='bbox 423 2223 733 2288; x_wconf 79' lang='lat' dir='ltr'>reliquerant.</span> <span class='ocrx_word' id='word_1_181' title='bbox 760 2223 889 2282; x_wconf 83' lang='lat' dir='ltr'>Quos</span> <span class='ocrx_word' id='word_1_182' title='bbox 912 2221 1140 2285; x_wconf 79' lang='lat' dir='ltr'>praefatus</span> <span class='ocrx_word' id='word_1_183' title='bbox 1164 2218 1395 2283; x_wconf 79' lang='lat' dir='ltr'>Rogerius</span> <span class='ocrx_word' id='word_1_184' title='bbox 1420 2235 1574 2264; x_wconf 84' lang='lat' dir='ltr'>accer-</span> 
     </span>
     <span class='ocr_line' id='line_1_27' title="bbox 157 2295 1576 2368; baseline -0.006 -20"><span class='ocrx_word' id='word_1_185' title='bbox 157 2304 258 2360; x_wconf 85' lang='lat' dir='ltr'>siit,</span> <span class='ocrx_word' id='word_1_186' title='bbox 291 2304 449 2368; x_wconf 79' lang='lat' dir='ltr'>eisque</span> <span class='ocrx_word' id='word_1_187' title='bbox 482 2302 539 2348; x_wconf 82' lang='lat' dir='ltr'>ad</span> <span class='ocrx_word' id='word_1_188' title='bbox 573 2301 904 2348; x_wconf 81' lang='lat' dir='ltr'>aedificandum</span> <span class='ocrx_word' id='word_1_189' title='bbox 933 2297 1172 2344; x_wconf 83' lang='lat' dir='ltr'>abbatiam</span> <span class='ocrx_word' id='word_1_190' title='bbox 1196 2299 1473 2344; x_wconf 87' lang='lat' dir='ltr'>Troarnum</span> <span class='ocrx_word' id='word_1_191' title='bbox 1502 2295 1576 2358; x_wconf 77' lang='lat'>(5)</span> 
     </span>
    </p>
   </div>
   <div class='ocr_carea' id='block_1_3' title="bbox 160 2424 1575 2534">
    <p class='ocr_par' dir='ltr' id='par_1_3' title="bbox 160 2424 1575 2534">
     <span class='ocr_line' id='line_1_28' title="bbox 204 2424 1572 2479; baseline -0.005 -12"><span class='ocrx_word' id='word_1_192' title='bbox 204 2433 253 2477; x_wconf 75' lang='grc' dir='ltr'>(ι)</span> <span class='ocrx_word' id='word_1_193' title='bbox 282 2432 405 2479; x_wconf 75' lang='lat' dir='ltr'>Roger</span> <span class='ocrx_word' id='word_1_194' title='bbox 430 2433 467 2466; x_wconf 87' lang='lat' dir='ltr'>II</span> <span class='ocrx_word' id='word_1_195' title='bbox 485 2432 530 2467; x_wconf 89' lang='grc'>(16</span> <span class='ocrx_word' id='word_1_196' title='bbox 551 2431 860 2479; x_wconf 81' lang='lat' dir='ltr'>Montgommeri‚</span> <span class='ocrx_word' id='word_1_197' title='bbox 888 2431 952 2478; x_wconf 86' lang='lat' dir='ltr'>qui</span> <span class='ocrx_word' id='word_1_198' title='bbox 973 2442 1038 2476; x_wconf 83' lang='lat' dir='ltr'>par</span> <span class='ocrx_word' id='word_1_199' title='bbox 1060 2441 1123 2463; x_wconf 91' lang='lat' dir='ltr'>son</span> <span class='ocrx_word' id='word_1_200' title='bbox 1141 2428 1302 2474; x_wconf 79' lang='lat' dir='ltr'>mariage</span> <span class='ocrx_word' id='word_1_201' title='bbox 1320 2439 1403 2460; x_wconf 86' lang='lat' dir='ltr'>avec</span> <span class='ocrx_word' id='word_1_202' title='bbox 1420 2424 1572 2469; x_wconf 79' lang='lat' dir='ltr'>Mabile⁷</span> 
     </span>
     <span class='ocr_line' id='line_1_29' title="bbox 160 2484 1575 2534; baseline -0.004 -9"><span class='ocrx_word' id='word_1_203' title='bbox 160 2491 230 2525; x_wconf 83' lang='lat' dir='ltr'>fille</span> <span class='ocrx_word' id='word_1_204' title='bbox 259 2491 303 2525; x_wconf 80' lang='lat' dir='ltr'>de</span> <span class='ocrx_word' id='word_1_205' title='bbox 323 2491 534 2526; x_wconf 83' lang='lat' dir='ltr'>Guillaume</span> <span class='ocrx_word' id='word_1_206' title='bbox 559 2491 707 2534; x_wconf 84' lang='lat' dir='ltr'>Talvas,</span> <span class='ocrx_word' id='word_1_207' title='bbox 738 2491 859 2525; x_wconf 80' lang='lat' dir='ltr'>he&#39;rita</span> <span class='ocrx_word' id='word_1_208' title='bbox 889 2489 951 2525; x_wconf 81' lang='lat' dir='ltr'>des</span> <span class='ocrx_word' id='word_1_209' title='bbox 984 2490 1178 2524; x_wconf 84' lang='lat' dir='ltr'>innnenses</span> <span class='ocrx_word' id='word_1_210' title='bbox 1204 2487 1391 2521; x_wconf 84' lang='lat' dir='ltr'>domaines</span> <span class='ocrx_word' id='word_1_211' title='bbox 1410 2484 1456 2520; x_wconf 85' lang='lat' dir='ltr'>de</span> <span class='ocrx_word' id='word_1_212' title='bbox 1481 2492 1575 2520; x_wconf 84' lang='lat' dir='ltr'>cette</span> 
     </span>
    </p>
   </div>
   <div class='ocr_carea' id='block_1_4' title="bbox 159 2550 1575 2717">
    <p class='ocr_par' dir='ltr' id='par_1_4' title="bbox 159 2550 1575 2717">
     <span class='ocr_line' id='line_1_30' title="bbox 160 2550 304 2585; baseline -0.014 0"><span class='ocrx_word' id='word_1_213' title='bbox 160 2550 304 2585; x_wconf 80' lang='lat' dir='ltr'>familie.</span> 
     </span>
     <span class='ocr_line' id='line_1_31' title="bbox 204 2603 1573 2655; baseline -0.004 -12"><span class='ocrx_word' id='word_1_214' title='bbox 204 2610 254 2655; x_wconf 81' lang='lat'>(2)</span> <span class='ocrx_word' id='word_1_215' title='bbox 286 2608 434 2644; x_wconf 87' lang='lat' dir='ltr'>Gilbert</span> <span class='ocrx_word' id='word_1_216' title='bbox 457 2609 513 2651; x_wconf 66' lang='lat' dir='ltr'>Ie&#39;,</span> <span class='ocrx_word' id='word_1_217' title='bbox 537 2608 628 2643; x_wconf 77' lang='lat' dir='ltr'>abbe</span> <span class='ocrx_word' id='word_1_218' title='bbox 646 2609 691 2644; x_wconf 90' lang='lat' dir='ltr'>de</span> <span class='ocrx_word' id='word_1_219' title='bbox 709 2609 894 2652; x_wconf 64' lang='lat' dir='ltr'>Concl‘ies‚</span> <span class='ocrx_word' id='word_1_220' title='bbox 927 2609 1017 2642; x_wconf 82' lang='lat' dir='ltr'>sorti</span> <span class='ocrx_word' id='word_1_221' title='bbox 1041 2607 1086 2642; x_wconf 86' lang='lat' dir='ltr'>de</span> <span class='ocrx_word' id='word_1_222' title='bbox 1112 2605 1274 2651; x_wconf 81' lang='lat' dir='ltr'>l&#39;abbaye</span> <span class='ocrx_word' id='word_1_223' title='bbox 1299 2603 1344 2639; x_wconf 88' lang='lat' dir='ltr'>de</span> <span class='ocrx_word' id='word_1_224' title='bbox 1361 2604 1519 2651; x_wconf 77' lang='lat' dir='ltr'>Fecamp</span> <span class='ocrx_word' id='word_1_225' title='bbox 1539 2612 1573 2638; x_wconf 77' lang='lat' dir='ltr'>et</span> 
     </span>
     <span class='ocr_line' id='line_1_32' title="bbox 159 2663 1575 2717; baseline -0.006 -13"><span class='ocrx_word' id='word_1_226' title='bbox 159 2682 224 2717; x_wconf 80' lang='lat' dir='ltr'>par</span> <span class='ocrx_word' id='word_1_227' title='bbox 252 2671 476 2716; x_wconf 79' lang='lat' dir='ltr'>consequent</span> <span class='ocrx_word' id='word_1_228' title='bbox 505 2668 581 2702; x_wconf 88' lang='lat' dir='ltr'>l&#39;un</span> <span class='ocrx_word' id='word_1_229' title='bbox 613 2668 676 2703; x_wconf 88' lang='lat' dir='ltr'>des</span> <span class='ocrx_word' id='word_1_230' title='bbox 714 2668 882 2715; x_wconf 79' lang='lat' dir='ltr'>disciples</span> <span class='ocrx_word' id='word_1_231' title='bbox 913 2668 962 2702; x_wconf 83' lang='lat' dir='ltr'>du</span> <span class='ocrx_word' id='word_1_232' title='bbox 997 2666 1251 2701; x_wconf 83' lang='lat' dir='ltr'>bienheureux</span> <span class='ocrx_word' id='word_1_233' title='bbox 1283 2663 1495 2699; x_wconf 86' lang='lat' dir='ltr'>Guillaume</span> <span class='ocrx_word' id='word_1_234' title='bbox 1531 2664 1575 2697; x_wconf 79' lang='grc' dir='ltr'>(κ-</span> 
     </span>
    </p>
   </div>
   <div class='ocr_carea' id='block_1_5' title="bbox 158 2731 1575 2835">
    <p class='ocr_par' dir='ltr' id='par_1_5' title="bbox 158 2731 1575 2835">
     <span class='ocr_line' id='line_1_33' title="bbox 158 2731 281 2776; baseline -0.024 -11"><span class='ocrx_word' id='word_1_235' title='bbox 158 2731 281 2776; x_wconf 79' lang='lat' dir='ltr'>Dijon.</span> 
     </span>
     <span class='ocr_line' id='line_1_34' title="bbox 206 2782 1575 2835; baseline -0.007 -10"><span class='ocrx_word' id='word_1_236' title='bbox 206 2789 316 2835; x_wconf 71' lang='lat' dir='ltr'>(3)C‹:</span> <span class='ocrx_word' id='word_1_237' title='bbox 333 2791 387 2824; x_wconf 87' lang='lat' dir='ltr'>sut</span> <span class='ocrx_word' id='word_1_238' title='bbox 405 2802 450 2823; x_wconf 88' lang='lat' dir='ltr'>en</span> <span class='ocrx_word' id='word_1_239' title='bbox 470 2787 555 2824; x_wconf 83' lang='lat'>1050</span> <span class='ocrx_word' id='word_1_240' title='bbox 571 2801 640 2835; x_wconf 79' lang='lat' dir='ltr'>que</span> <span class='ocrx_word' id='word_1_241' title='bbox 656 2789 776 2834; x_wconf 51' lang='lat' dir='ltr'>[loger</span> <span class='ocrx_word' id='word_1_242' title='bbox 796 2787 839 2822; x_wconf 81' lang='lat' dir='ltr'>&lt;lc</span> <span class='ocrx_word' id='word_1_243' title='bbox 858 2785 1144 2831; x_wconf 62' lang='lat' dir='ltr'>Monlgommeri</span> <span class='ocrx_word' id='word_1_244' title='bbox 1160 2784 1340 2819; x_wconf 61' lang='lat' dir='ltr'>substitue«</span> <span class='ocrx_word' id='word_1_245' title='bbox 1355 2782 1416 2817; x_wconf 85' lang='lat' dir='ltr'>des</span> <span class='ocrx_word' id='word_1_246' title='bbox 1436 2783 1575 2816; x_wconf 72' lang='lat' dir='ltr'>moines</span> 
     </span>
    </p>
   </div>
  </div>
 </body>
</html>
