1951 3194
423 294 498 331 298
787 293 1032 331 HISTORIA
1062 293 1467 333 ECCLESIASTICA.
1676 299 1797 347 [1078
1809 299 1840 348 ἶ]

422 371 596 419 cendos
623 382 879 419 castrenses
907 383 1013 437 apte
1041 372 1233 421 locavit.
1264 375 1470 433 Interea,
1500 375 1614 422 dum
1638 378 1840 442 quadam

420 448 496 496 die
519 449 783 496 Aimericus
802 448 859 496 de
878 449 1089 498 Vilereio
1108 451 1182 515 (ι)
1206 449 1474 516 dapiferum
1497 455 1619 519 regis
1639 455 1841 503 Franco-

419 544 528 572 rum
545 527 640 590 (2),
661 527 744 592 qui
764 526 821 572 ad
834 544 944 574 eum
963 527 1236 586 diverterat,
1258 528 1540 588 deduxisset,
1559 541 1606 578 et
1626 548 1735 578 cum
1759 531 1841 577 tri-

418 601 505 648 bus
517 602 751 649 militibus
765 603 822 649 ad
836 614 1043 651 castrum
1057 623 1195 652 suum
1210 604 1290 652 ubi
1311 605 1467 654 hostes
1481 607 1604 672 regis
1621 606 1841 654 tutaban-

423 689 502 725 tur
522 691 778 738 remearet,
804 680 931 729 forte
954 682 1011 730 de
1034 683 1160 749 regia
1183 683 1413 750 phalange
1434 694 1643 750 quatuor
1660 685 1841 750 equites

419 759 640 806 exierunt
653 795 667 816 ,
687 760 823 825 eique
844 759 1091 809 obviantes
1112 761 1294 809 aditum
1303 764 1401 827 jam
1427 763 1662 828 proximae
1680 763 1841 810 muni-

420 836 564 883 tionis
588 854 685 884 suae
704 836 1077 896 obturaverunt,
1105 840 1353 905 ipsumque
1371 841 1692 904 percutientes
1710 840 1841 887 illico

418 925 742 976 peremerunt.
780 915 962 963 Deinde
991 916 1186 965 cadaver
1217 918 1409 964 infausti
1439 918 1682 983 praedonis
1709 918 1841 966 velut

417 992 630 1039 occisum
660 1010 792 1041 suem
823 1011 965 1058 super
999 1011 1175 1059 equum
1207 996 1528 1055 sustulerunt,
1555 1006 1602 1043 et
1630 995 1839 1043 delatum

417 1078 527 1116 ante
550 1070 782 1133 mappalia
808 1071 1000 1135 Rogerii
1029 1072 1242 1130 comitiS,
1271 1083 1439 1121 contra
1461 1089 1603 1138 quem
1621 1072 1705 1119 diu
1728 1071 1840 1120 hos-

418 1146 567 1193 tiliter
601 1148 841 1205 saevierat,
880 1150 1206 1212 projecerunt.
1242 1149 1486 1196 Gulferius
1521 1160 1681 1197 autem
1715 1149 1840 1196 filius

417 1226 515 1288 ejus
531 1226 604 1290 (5)
627 1235 724 1272 tam
742 1225 849 1275 diro
873 1228 1020 1291 patris
1041 1227 1313 1275 infortunio
1338 1228 1532 1275 territus
1549 1243 1714 1292 pacem
1730 1244 1840 1274 cum

415 1320 524 1367 rege
550 1303 754 1368 pepigit,
781 1304 920 1369 eique
939 1303 1249 1369 postmodum
1275 1315 1323 1351 et
1349 1303 1616 1351 haeredibus
1638 1305 1736 1369 ejus
1754 1321 1840 1369 per

415 1398 567 1428 annos
590 1380 741 1429 ferme
765 1382 1113 1448 quinquaginta
1137 1381 1287 1430 fidelis
1311 1382 1487 1429 extitit.

480 1458 634 1504 Multa
662 1459 912 1524 terrigenis
939 1459 1195 1507 imminent
1221 1459 1514 1516 infortunia3
1536 1475 1646 1524 quae
1668 1459 1706 1505 si
1730 1456 1840 1504 dili-

416 1546 583 1600 genter
610 1535 937 1584 scriberentur
972 1537 1160 1594 omnia,
1192 1536 1402 1601 ingentia
1435 1536 1678 1601 replerent
1705 1535 1841 1584 volu-

414 1615 562 1661 mina.
591 1615 732 1661 Nunc
761 1614 950 1662 hiemali
976 1615 1156 1680 frigore
1176 1616 1358 1680 rigens,
1384 1615 1485 1662 aliis
1509 1614 1840 1679 occupationi-

414 1690 504 1738 bus
544 1690 744 1750 vacabo,
786 1702 1162 1757 praesentemque
1206 1691 1426 1739 libellum
1462 1691 1539 1738 hic
1582 1692 1839 1739 terminare

413 1768 636 1834 fatigatus
659 1769 882 1817 decerno.
903 1769 1146 1816 Redeunte
1172 1786 1286 1816 vero
1307 1768 1477 1833 placidi
1500 1770 1623 1816 veris
1649 1786 1834 1826 sereno,

415 1863 467 1892 ea
491 1863 600 1910 quae
627 1846 786 1892 minus
809 1846 947 1910 plene
966 1846 1191 1903 disserui,
1214 1847 1309 1893 sive
1333 1864 1440 1912 quae
1464 1856 1668 1903 restant,
1696 1846 1746 1892 in
1763 1863 1838 1893 se-

414 1921 673 1987 quentibus
714 1922 986 1987 replicabo,
1023 1924 1217 1988 Deoque
1240 1926 1458 1987 juvante,
1495 1941 1624 1970 casus
1654 1941 1838 1988 guerrae

413 2000 634 2065 pacisque
653 2012 957 2048 nostratuum
977 2002 1130 2048 veraci
1152 2001 1262 2049 stilo
1286 2003 1474 2066 copiose
1497 2000 1785 2050 dilucidabo.

461 2190 511 2234 (1)
537 2189 678 2223 Aimeri
695 2189 740 2224 de
760 2188 912 2225 Villerai
929 2189 1097 2234 (chateau
1112 2189 1201 2224 dans
1219 2189 1252 2224 le
1267 2190 1451 2236 voisinage
1465 2189 1510 2224 de
1526 2189 1710 2232 l’Huisne,
1731 2195 1835 2224 entre

414 2249 591 2284 Condeau
607 2256 644 2284 et
659 2249 1209 2294 Saint-Germain-des-Grois).

461 2310 511 2354 (2)
529 2308 813 2344 Probablement
832 2308 1024 2352 Frederic,
1047 2310 1110 2357 qui
1133 2309 1222 2343 etait
1246 2308 1414 2343 senechal
1434 2308 1479 2343 de
1499 2308 1636 2343 France
1655 2320 1701 2343 en
1725 2305 1809 2355 1075
1823 2336 1832 2350 ,

416 2381 462 2402 nu
486 2368 642 2410 llobert,
664 2369 727 2416 qui
747 2370 836 2404 etait
854 2369 978 2403 revetu
998 2368 1043 2403 de
1062 2375 1158 2403 cette
1176 2368 1311 2414 charge
1330 2379 1374 2401 en
1398 2379 1497 2415 1079.

462 2426 511 2470 (3)
537 2428 702 2463 Gouflier
720 2428 765 2463 de
784 2427 936 2464 Villerai
951 2457 959 2469 ,
981 2427 1034 2462 sils
1052 2427 1101 2461 du
1121 2426 1330 2474 precedent.
