1951 3194
456 235 533 272 386
820 230 1061 268 HISTORIA
1091 230 1496 270 ECCLESIASTICA.
1720 235 1861 284 [1078]

455 324 500 359 et
537 311 811 357 vaticinium
852 310 955 354 laeta
994 326 1101 354 cum
1146 308 1358 354 tristibus
1402 312 1650 358 continens
1686 313 1862 376 reginae

453 390 736 437 retulerunt.
758 387 985 432 Homines
1005 403 1117 433 vero
1135 385 1460 451 subsequentis
1480 389 1593 445 aevi,
1611 390 1692 454 qui
1720 389 1865 436 Neus-

452 469 557 514 triae
581 476 754 529 strages
778 465 982 528 perpessi
1008 476 1119 510 sunt
1134 500 1145 520 ‚
1168 465 1240 511 vel
1272 466 1488 512 incendia
1512 476 1559 513 et
1586 477 1753 514 caetera
1777 468 1862 514 de-

456 547 676 591 trimenta
703 551 978 597 senserunt,
1008 541 1217 588 cladibus
1241 544 1334 589 suis
1358 554 1404 590 et
1432 543 1680 591 horrendis
1706 545 1863 593 infor-

455 623 598 669 tuniis
622 621 882 668 veridicum
906 631 1060 667 vatem
1084 622 1312 669 veraciter
1336 624 1515 686 experti
1540 635 1668 669 sunt.

516 699 732 764 Denique
762 697 1056 744 Rodbertum
1074 733 1086 754 ‚
1123 709 1230 762 post
1262 699 1434 745 multas
1466 710 1514 746 et
1540 699 1731 746 inutiles
1765 699 1864 745 cir-

454 777 757 832 numitiones,
787 775 1084 822 hebetudinis
1114 794 1208 822 suae
1243 776 1496 840 poenituit3
1527 777 1605 824 sed
1629 775 1775 823 libere
1809 777 1864 822 ad

454 859 624 903 iratum
655 865 838 919 patrem
874 854 892 917 <
901 871 1043 918 quem
1076 866 1296 918 proterve
1328 855 1613 919 reliquerat)
1642 854 1864 918 repedare

452 933 684 999 nequivit.
703 931 841 978 Unde
860 931 917 977 ad
936 930 1209 994 Philippum
1229 950 1387 996 regem
1405 933 1698 980 Francorum
1712 967 1728 991 ,
1749 948 1864 979 con»

453 1010 702 1058 sobrinum
727 1008 907 1054 scilicet
929 1025 1089 1063 suum,
1118 1008 1341 1064 divertit3
1367 1019 1415 1055 et
1434 1009 1492 1054 ab
1517 1026 1572 1057 eo
1597 1008 1865 1055 adminicu-

455 1090 553 1134 lum
578 1086 664 1132 sibi
691 1084 866 1131 obnixe
894 1085 1155 1148 proposcit.
1186 1086 1338 1145 Quem
1368 1086 1445 1132 ille
1477 1088 1706 1150 suscepit,
1740 1097 1786 1133 et
1817 1086 1864 1132 in

453 1175 658 1212 castrum
689 1161 1033 1209 Gerberracum
1069 1163 1143 1226 (1)
1176 1161 1365 1210 direxit.
1405 1163 1527 1209 Illud
1559 1163 1735 1227 quippe
1767 1180 1866 1208 cas-

454 1257 582 1290 trum
615 1243 661 1288 in
687 1258 806 1306 pago
830 1241 1097 1287 Belvacensi
1123 1241 1266 1287 situm
1297 1253 1365 1288 est
1399 1253 1445 1289 et
1472 1241 1706 1288 Neustriae
1730 1240 1866 1288 colli-

454 1323 741 1377 mitaneum,
780 1320 1016 1383 positione
1054 1337 1168 1366 vero
1199 1320 1290 1366 loci
1325 1331 1372 1367 et
1406 1321 1554 1366 muris
1585 1338 1636 1366 ac
1660 1337 1866 1384 propug-

456 1399 633 1446 naculis
658 1385 988 1445 fortissimum.
1020 1396 1172 1443 Helias
1196 1415 1387 1462 quoque
1410 1397 1733 1444 vicedominus
1758 1414 1867 1442 cum

455 1477 663 1541 compari
681 1493 766 1522 suo
783 1485 1024 1540 gratanter
1039 1475 1222 1521 exulem
1242 1476 1422 1540 regium
1444 1476 1663 1539 suscepit,
1686 1475 1863 1540 illique,

455 1556 642 1618 suisque
666 1551 978 1616 complicibus
1012 1551 1240 1597 auxilium
1267 1553 1315 1598 in
1339 1551 1563 1599 omnibus
1588 1552 1861 1616 spopondit.

459 1633 601 1679 Moris
626 1632 753 1677 enim
778 1639 846 1675 est
876 1629 1000 1674 illius
1032 1631 1197 1685 castri,
1225 1640 1277 1675 ut
1306 1630 1480 1677 ibidem
1504 1631 1599 1677 duo
1621 1648 1753 1693 pares
1776 1630 1866 1675 do-

455 1710 573 1756 mini
591 1710 703 1764 sint,
724 1718 770 1754 et
785 1724 949 1754 omnes
968 1705 1142 1753 ibidem
1161 1706 1346 1771 fugitivi
1367 1708 1700 1770 suscipiantur,
1724 1706 1870 1753 unde-

457 1804 660 1852 cumque
683 1785 976 1833 advenerint.
1014 1783 1083 1829 Ibi
1116 1783 1385 1831 Rodbertus
1416 1785 1655 1849 gregarios
1687 1785 1868 1849 equites

458 1866 675 1930 collegit,
716 1865 874 1928 eisque
905 1872 950 1908 et
983 1862 1145 1907 multis
1183 1861 1443 1908 baronibus
1473 1860 1638 1907 Galliae
1677 1862 1743 1923 (si
1781 1861 1867 1907 sibi

458 1943 692 2007 suppetias
714 1938 1019 2001 advenerint)
1043 1938 1197 1984 multo
1220 1939 1397 2001 maj0ra
1422 1956 1564 2002 quam
1583 1938 1692 1984 dare
1715 1948 1870 2002 posset

456 2021 693 2087 promisit.
716 2019 811 2064 Hac
831 2018 976 2081 igitur
992 2017 1236 2063 occasione
1255 2016 1403 2061 multa
1418 2015 1536 2060 mala
1552 2015 1865 2079 pullularunt,

459 2110 504 2146 et
528 2098 612 2144 filii
638 2095 918 2160 perditionis
942 2093 1105 2139 fraude
1132 2093 1204 2139 vel
1229 2094 1272 2137 vi
1300 2104 1464 2140 contra
1496 2093 1696 2139 inermes
1720 2103 1766 2140 et
1791 2093 1868 2138 in-

462 2192 639 2224 nocuos
659 2171 942 2237 prodierunt
956 2207 969 2229 ,
991 2181 1037 2217 et
1063 2171 1332 2216 innumeras
1358 2170 1628 2235 iniquitates
1650 2171 1869 2234 nequiter

459 2250 714 2301 machinati
739 2258 865 2295 sunt.
894 2248 1032 2293 Multi
1059 2248 1115 2294 de
1139 2247 1234 2303 his,
1257 2248 1337 2311 qui
1360 2247 1540 2311 pacifici
1568 2246 1866 2305 videbantur,

462 2344 508 2379 ct
534 2331 630 2394 regi
663 2345 743 2373 seu
769 2324 1019 2372 clientibus
1051 2327 1147 2388 ejus
1180 2324 1507 2381 adulabantur,
1543 2342 1598 2370 ex
1632 2325 1868 2388 insperato

466 2409 668 2457 inimicis
694 2403 968 2468 reipublicae
986 2402 1334 2466 jungebantur;
1359 2421 1380 2448 a
1406 2402 1577 2467 quibus
1594 2403 1766 2458 affines,
1789 2403 1869 2448 do-

514 2622 561 2661 (1)
587 2614 789 2654 (kei-heron
816 2625 860 2646 ou
888 2612 946 2645 sai!
972 2613 1078 2657 ‹1117011
1104 2611 1183 2645 offvt
1213 2611 1305 2645 deux
1326 2612 1502 2645 branchos
1521 2611 1738 2646 collaterales
1764 2610 1807 2643 (lc
1834 2611 1866 2644 la

468 2680 582 2711 nicini*
607 2674 738 2709 saniille·
766 2671 1302 2718 possculanm.si11111112111‹2112÷»nt
1327 2672 1358 2704 lc
1380 2672 1463 2705 iitrc
1487 2680 1522 2706 ct
1548 2671 1727 2705 Fautoritc
1751 2670 1795 2703 dc
1813 2671 1862 2703 vi-

466 2738 586 2768 alaiiws
606 2734 649 2765 d:¹
670 2739 760 2765 relic
781 2732 894 2776 plau-(¹,
917 2742 1055 2763 coinnic
1074 2736 1176 2759 ium-<2
1197 2736 1323 2764 auteur
1342 2743 1381 2764 va
1399 2730 1430 2763 lc
1449 2730 1539 2764 dire.
