1951 3194
173 259 396 307 [977-cch
413 259 532 306 1000]
661 254 813 293 LIBER
842 253 1077 291 TERTIUS.
1496 254 1567 289 137

171 335 449 383 mortalibus
472 335 553 381 ubi
581 345 698 381 esset
732 333 1057 398 ignorabatur,
1082 343 1135 378 ut
1156 348 1240 396 per
1263 331 1415 377 visum
1444 330 1576 375 insti-

169 423 300 477 gatus
326 412 479 459 fuerat
493 448 505 468 ,
537 412 659 457 intra
682 410 921 458 ecclesiam
944 426 1157 474 quaerere
1181 408 1352 471 coepit,
1381 417 1427 453 et
1459 406 1575 451 insi-

168 499 346 536 nuante
359 488 580 535 Pridiano
594 489 860 552 Sigemano,
881 486 937 532 ad
951 486 1190 532 dexteram
1205 484 1361 530 altaris
1375 484 1423 529 S.
1445 483 1575 528 Mar-

169 566 257 611 tini
281 565 620 630 sarcophagum
640 564 840 611 invenit.
866 564 1059 610 Cunctis
1075 563 1183 610 inde
1199 559 1510 627 gaudentibus
1529 570 1576 607 et

166 641 266 688 Deo
290 642 446 688 laudes
470 639 745 688 canentibus
760 675 774 696 ,
803 638 1039 685 defossum
1063 650 1132 685 est
1156 657 1263 685 cum
1289 649 1450 686 sancto
1476 654 1577 684 cor-

167 735 283 782 pore
307 719 597 766 mausoleum
620 729 667 763 et
704 735 727 762 a
762 727 885 763 terra
920 716 1175 762 sublatum.
1203 717 1304 762 Hoc
1328 716 1448 761 sama
1474 732 1578 779 pas-

168 796 254 842 sim
269 797 499 859 divulgat,
518 795 704 858 copiosa
719 792 851 857 plebs
866 792 1076 858 undique
1089 803 1316 856 properat
1327 829 1339 849 ,
1358 803 1411 837 ut
1427 792 1574 838 sancti

167 873 379 936 corporis
402 873 686 919 levationem
706 871 882 927 videat,
910 881 957 917 et
980 872 1021 917 ei
1042 880 1151 918 vota
1171 889 1280 916 cum
1297 868 1576 916 muneribus

166 950 348 996 offerat.
379 950 530 995 Multa
557 949 733 996 ibidem
756 948 877 995 facta
907 960 1019 994 sunt
1043 948 1294 1006 miracula,
1321 958 1368 994 et
1397 946 1577 993 multa-

165 1044 272 1071 rum
289 1037 447 1072 curata
464 1038 575 1073 sunt
591 1027 817 1073 infirmita
825 1038 926 1074 tum
940 1044 1124 1090 genera.
1136 1026 1351 1072 Tandem
1361 1032 1469 1072 v111⁰
1482 1023 1571 1070 kal.

164 1104 345 1167 augusti
378 1121 548 1168 corpus
576 1105 722 1151 sancti
756 1104 925 1151 Judoci
956 1115 1237 1151 veneranter
1268 1104 1477 1167 positum
1507 1113 1576 1149 est

164 1198 304 1245 super
328 1181 472 1228 altare
496 1183 643 1228 sancti
667 1182 880 1229 Martini.

231 1259 337 1321 Ipso
355 1275 482 1305 anno
502 1257 676 1305 ibidem
696 1260 1039 1307 monasterium
1057 1277 1081 1305 a
1100 1259 1421 1306 fundamentis
1443 1275 1575 1322 coep-

167 1346 269 1380 tum
286 1345 383 1392 est,
407 1345 453 1381 et
475 1336 795 1383 monastichus
819 1337 938 1383 ordo
962 1337 1166 1401 reparari
1193 1347 1377 1401 coeptus
1402 1346 1497 1394 est,
1528 1345 1575 1382 et

166 1412 448 1460 reverendus
468 1412 607 1459 abbas
626 1413 941 1478 Sigebrandus
961 1415 1246 1461 constitutus
1261 1425 1345 1461 est.
1363 1413 1573 1473 Quadam

166 1501 305 1537 nocte
319 1490 432 1536 dum
443 1508 614 1554 corpus
633 1492 680 1537 S.
701 1492 727 1536 J
731 1491 867 1537 udoci
889 1502 1154 1539 servaretur
1168 1495 1215 1537 in
1228 1491 1417 1537 ecclesia
1435 1491 1482 1536 S.
1498 1492 1576 1536 Pe-

166 1567 255 1623 tri,
282 1584 351 1613 V11
377 1569 495 1614 cerei
521 1580 628 1614 ante
651 1568 871 1632 reliquias
898 1579 1031 1615 erant
1050 1605 1063 1625 ‚
1091 1585 1299 1633 quorum
1322 1585 1444 1613 unus
1464 1577 1575 1612 tan—

165 1657 268 1691 tum
291 1644 349 1690 ab
373 1646 549 1694 aedituo
574 1647 789 1694 incensus
813 1657 938 1702 erat;
966 1647 1138 1712 reliqui
1163 1664 1277 1694 vero
1306 1665 1384 1693 sex
1414 1656 1577 1692 custo-

163 1721 300 1769 dibus
319 1724 664 1771 dormientibus
690 1726 879 1771 coelitus
901 1727 1080 1772 accensi
1106 1736 1233 1772 sunt.

229 1802 304 1848 Sic
334 1802 420 1848 alia
443 1803 544 1849 vice
572 1804 620 1849 in
647 1804 837 1850 ecclesia
864 1822 942 1850 sua
970 1821 1141 1867 corpus
1169 1805 1217 1850 S.
1243 1804 1410 1850 Judoci
1441 1814 1572 1858 erat3

160 1890 392 1941 praesente
411 1879 658 1943 Sigemano
680 1879 840 1925 lumen
853 1915 866 1936 ,
886 1880 1015 1943 quod
1030 1880 1074 1924 vi
1096 1890 1349 1926 ventorum
1371 1891 1417 1926 et
1438 1880 1577 1925 inum--

160 1955 350 2002 datione
369 1955 638 2020 pluviarum
656 1956 920 2002 extinctum
943 1966 1066 2014 erat,
1089 1956 1317 2003 divinitus
1336 1956 1574 2003 illumina-

162 2043 263 2079 tum
288 2045 373 2080 est⁶

223 2111 476 2158 Dominico
491 2147 502 2167 ‚
531 2111 643 2158 dum
665 2112 912 2159 Pridianus
934 2115 1123 2160 missam
1146 2114 1423 2160 solemniter
1448 2113 1572 2161 cele-

160 2186 356 2245 brabat,
383 2188 573 2253 quidam
598 2207 750 2235 vassus
774 2190 986 2237 Hilduini
1014 2192 1201 2238 comitis
1229 2192 1425 2238 nomine
1447 2190 1575 2235 Gua-

162 2263 424 2312 rembertus
438 2268 559 2313 mala
574 2268 817 2314 voluntate
830 2268 997 2332 plenus
1015 2280 1132 2326 erat,
1151 2270 1344 2333 cupiens
1360 2268 1416 2313 de
1433 2267 1572 2313 rebus

163 2340 308 2384 sancti
333 2358 438 2403 quae
462 2343 603 2390 vellet
626 2344 862 2391 violenter
884 2344 1068 2391 auferre
1084 2381 1097 2402 ,
1135 2356 1181 2391 et
1218 2345 1466 2408 Sigemano
1488 2342 1574 2389 de-

162 2414 299 2477 pulso
321 2415 521 2462 alterum
545 2420 637 2464 suis
658 2420 872 2467 moribus
897 2422 1275 2468 consentientem
1296 2419 1568 2482 subrogare.

166 2490 284 2536 Cum
301 2508 412 2555 ergo
432 2493 480 2538 in
492 2494 748 2558 Evangelio
767 2497 940 2560 legitur
958 2519 968 2544 :
988 2499 1047 2544 Ut
1065 2498 1186 2561 quid
1201 2497 1422 2561 cogitatis
1440 2496 1573 2542 mala

167 2568 215 2611 ιή
243 2568 467 2614 cordibus
498 2572 667 2616 vestris
693 2574 762 2634 (1)
778 2572 818 2628 ζ),
847 2575 992 2636 coepit
1016 2576 1158 2620 miser
1182 2574 1273 2619 alte
1294 2571 1538 2619 vociferari
1558 2608 1570 2627 ‚

215 2739 552 2784 (1))1auh.‚1x‚4‘.
