1951 3194
347 239 399 277 80
714 237 955 277 HISTORIA
986 237 1382 276 ECCLESIASTICA.
1488 240 1751 290 [1058-1063]

346 316 565 382 petebat,
597 317 772 382 quippe
803 317 884 381 qui
917 315 1111 362 Adalam
1137 316 1360 363 Rodberti
1390 320 1510 383 regis
1541 321 1752 366 Franco-

345 413 454 441 rum
478 395 622 442 filiam
646 396 695 440 in
719 393 993 457 conjugium
1017 391 1217 440 habebat
1230 412 1243 450 ς
1269 411 1324 440 ex
1347 412 1437 459 qua
1457 394 1753 443 Rodbertum

346 474 646 527 Fresionem‚
679 471 891 534 reginam
922 470 1187 536 Anglorum
1205 507 1219 530 ‚
1253 482 1299 518 et
1329 472 1549 520 Udonem
1576 475 1756 520 Treve-

347 551 557 597 rensium
594 548 980 612 metropolitam,
1021 548 1232 613 aliosque
1270 566 1453 613 magnae
1492 549 1756 597 nobilitatis

346 628 473 674 viros
500 637 725 690 genuerat
751 626 771 689 (
784 626 846 689 ι).

412 703 595 750 Eodem
613 721 739 750 anno
756 701 1020 749 Fridericus
1039 702 1162 749 filius
1188 702 1469 752 Gothelonis
1488 703 1618 750 ducis
1635 739 1648 761 ‚
1675 705 1757 768 qui

350 792 397 827 et
414 780 676 844 Stephanus
693 798 811 844 papa
828 778 980 826 dictus
998 790 1065 826 est
1081 815 1094 837 ,
1116 779 1238 827 obiit
1249 799 1261 837 3
1288 781 1362 827 cui
1386 781 1622 828 Gerardus
1637 817 1652 841 ,
1677 782 1759 846 qui

349 870 396 906 et
420 858 666 916 Nicolaus,
697 858 931 904 successit.
962 859 1048 904 Hic
1075 876 1224 904 annus
1246 870 1344 905 erat
1371 860 1537 905 tertius
1567 860 1759 906 Henrici

350 936 534 1002 quarti,
574 935 659 981 filii
698 935 890 982 Henrici
925 935 1129 982 Conradi
1162 936 1457 1000 imperatoris
1494 948 1540 983 et
1568 937 1761 1000 Agnetis

355 1011 693 1076 imperatricis,
731 1011 812 1076 qui
849 1020 1064 1058 LXXXV11⁰
1092 1012 1199 1059 loco
1232 1011 1290 1058 ab
1320 1012 1533 1078 Augusto
1565 1030 1762 1077 regnare

356 1091 507 1155 coepit
522 1127 535 1147 ‚
562 1101 609 1137 et
632 1090 767 1136 annis
793 1090 1135 1154 quinquaginta
1159 1091 1389 1154 regnavit.

417 1167 560 1213 Anno
577 1165 634 1212 ab
653 1166 980 1212 incarnatione
996 1167 1188 1213 Domini
1210 1174 1387 1212 MLX111⁰
1406 1166 1626 1213 Nicolaus
1644 1184 1759 1230 papa

352 1245 476 1293 obiit
508 1245 607 1308 (2);
648 1243 721 1289 cui
758 1242 1020 1289 Alexander
1043 1243 1265 1290 Lucensis
1297 1243 1542 1306 episcopus
1574 1260 1761 1289 succes—

353 1322 413 1368 sit
435 1323 528 1387 (5).
556 1322 666 1386 Quo
685 1332 897 1385 tempore
914 1320 1163 1386 Sigifridus
1183 1322 1436 1384 Magontiae
1455 1331 1502 1367 et
1523 1320 1762 1367 Gunterus

353 1398 699 1464 Babenbergae,
722 1398 894 1464 aliique
914 1398 1215 1463 quamplures
1244 1399 1448 1463 episcopi
1474 1399 1546 1446 vel
1578 1397 1763 1446 nobiles

354 1478 507 1526 multo
530 1478 759 1524 comitatu
782 1476 1039 1523 Jerusalem
1063 1487 1393 1538 perrexerunt.

419 1555 598 1601 Eodem
626 1565 838 1617 tempore
870 1553 994 1600 inter
1018 1553 1327 1599 Willermum
1353 1553 1662 1600 Normanniae
1684 1553 1766 1599 du-

356 1650 459 1680 cem
483 1643 529 1679 et
552 1649 771 1696 proceres
796 1632 890 1694 ejus
916 1630 1141 1677 dissentio
1169 1631 1319 1694 gravis
1345 1641 1505 1678 exorta
1532 1641 1615 1677 est.
1645 1630 1764 1677 Nam

357 1709 612 1774 cupiditate
629 1707 819 1755 furente
841 1724 961 1753 unus
985 1707 1131 1753 alium
1153 1707 1453 1771 supplantare
1477 1706 1736 1754 conabatur
1749 1742 1761 1763 ,

357 1805 610 1853 gravesque
630 1787 881 1834 seditiones
900 1785 956 1832 ad
972 1784 1254 1832 detrimenta
1271 1785 1555 1832 miserorum
1574 1784 1767 1831 diversis

359 1884 415 1912 ex
445 1865 590 1911 causis
619 1862 919 1919 oriebantur3
951 1862 1077 1908 unde
1103 1862 1295 1926 quidam
1322 1861 1596 1909 crudelioris
1621 1861 1765 1907 animi

360 1943 670 2000 laetabantur;
701 1942 779 1989 alii
808 1941 993 2006 pietatis
1024 1950 1069 1987 et
1097 1940 1340 1987 modestiae
1367 1951 1596 1986 amatores
1625 1940 1765 1985 nimis

408 2135 457 2179 (1)
475 2132 663 2168 Baudouin
684 2134 738 2176 V,
755 2140 874 2167 comte
893 2133 938 2168 de
953 2133 1135 2179 Flandre(
1152 2133 1350 2182 1034-1067
1362 2136 1374 2179 )
1387 2161 1395 2177 ‚
1416 2140 1478 2167 eut
1491 2130 1701 2166 d’Adela‘i‘de
1720 2129 1765 2163 dc

362 2192 518 2234 France,
537 2203 633 2225 soeur
654 2192 704 2225 du
722 2191 777 2225 roi
794 2192 929 2235 Henri‚
951 2193 1002 2225 six
1020 2192 1178 2236 ensants‚
1199 2192 1334 2226 savoir:
1356 2190 1545 2225 Baudouin
1564 2189 1620 2224 VI
1637 2195 1674 2222 et
1692 2187 1765 2222 Ro-

360 2251 444 2287 bert
458 2262 511 2286 ses
526 2262 766 2293 successeurs,
784 2250 903 2285 Endes
914 2279 922 2294 ‚
939 2252 1164 2299 archeveque
1179 2251 1223 2286 de
1239 2252 1372 2285 Treves
1385 2278 1394 2294 ,
1414 2250 1529 2285 Henri
1543 2277 1551 2292 ‚
1575 2247 1762 2290 Matlnlde,

362 2312 496 2346 semme
520 2310 565 2345 de
591 2310 1134 2358 Guillaume-le-Conquerant,
1167 2318 1203 2346 et
1226 2311 1376 2352 Jiidith,
1400 2310 1533 2344 mariee
1551 2309 1766 2343 successive*

365 2376 467 2405 ment
484 2371 502 2404 a
521 2369 625 2403 Tosti
640 2397 650 2413 ,
670 2369 765 2404 frere
784 2369 829 2403 dc
847 2369 984 2404 Harold
997 2398 1005 2413 ,
1027 2377 1063 2404 et
1081 2372 1100 2404 ἐι
1118 2370 1296 2416 W'clphe,
1316 2369 1387 2403 duc
1409 2369 1454 2404 de
1474 2369 1633 2403 Baviere.

411 2431 461 2475 (2)
479 2421 632 2464 Etienne
651 2428 722 2471 IX,
747 2428 807 2463 elu
823 2440 914 2475 pape
933 2429 965 2463 le
981 2440 999 2462 2
1020 2428 1107 2463 aofit
1130 2428 1215 2477 1057
1228 2457 1236 2472 ‚
1260 2435 1410 2463 mourut
1434 2428 1467 2462 le
1486 2440 1530 2475 ‘29
1547 2439 1642 2462 mars
1666 2425 1764 2461 1058.

366 2488 511 2524 Nicolas
530 2488 565 2522 II
581 2488 638 2522 fut
656 2487 715 2522 elu
728 2487 761 2522 le
781 2487 825 2522 28
843 2487 1036 2522 decembre
1059 2487 1158 2524 1058.

413 2546 463 2592 (3)
490 2546 633 2582 Nicolas
653 2547 689 2581 II
709 2553 857 2581 mourut
876 2546 909 2581 le
937 2558 974 2581 21
997 2559 1044 2581 ou
1062 2558 1105 2581 22
1121 2546 1241 2593 juillet
1264 2546 1367 2589 1061,
1389 2554 1425 2581 et
1443 2546 1498 2580 fut
1516 2543 1713 2590 remplace,
1732 2542 1764 2575 lc

368 2604 411 2638 50
424 2605 627 2651 septembre
639 2604 791 2649 suivant,
804 2617 869 2652 pai·
879 2605 1082 2641 Alexandre
1094 2607 1142 2649 ΙΙ,
1156 2612 1375 2653 auparavant
1386 2605 1519 2651 eveque
1530 2602 1574 2636 de
1588 2602 1761 2647 Lucques.

414 2665 482 2698 Ces
512 2665 607 2699 deux
626 2666 869 2712 paragraphes
887 2673 951 2701 ont
971 2668 1027 2702 tite
1054 2666 1241 2701 intercales
1259 2667 1362 2712 apres
1381 2677 1473 2710 coup
1501 2675 1544 2696 en
1571 2673 1692 2706 margc
1712 2660 1761 2693 du

370 2726 569 2760 manuscrit
587 2725 631 2759 (lc
649 2718 930 2761 Saint·l{vroult.
