1951 3194
392 301 469 338 216
756 298 998 336 HISTORIA
1029 296 1433 337 ECCLEsiAsTicA.
1666 302 1806 350 [1071]

392 379 441 425 in
462 379 703 426 Oceanum
727 377 915 442 navigio
938 377 1184 442 diffugere.
1211 378 1298 424 Sed
1325 378 1402 425 ille
1426 379 1551 426 falsis
1574 380 1809 446 allegatio-

391 456 531 502 nibus
557 455 836 519 simpliciter
860 454 1127 520 adquievit,
1148 465 1195 503 et
1219 473 1327 502 cum
1351 458 1444 503 suis
1467 457 1521 503 ad
1543 476 1700 522 regem
1721 477 1809 522 pa-

391 533 523 579 cifice
539 533 595 578 de
614 532 764 579 insula
780 533 943 579 exivit.
962 534 1060 580 Rex
1075 544 1232 580 autem
1252 545 1468 581 metuens
1487 553 1546 582 ne
1564 537 1807 583 Morcarus

390 611 584 674 injurias
603 609 692 656 sibi
717 621 763 657 et
784 611 1112 674 compatriotis
1137 612 1230 656 suis
1252 613 1474 676 nequiter
1494 612 1642 658 illatas
1665 613 1809 659 ulcis-

389 698 594 743 ceretur,
617 697 664 733 et
685 705 770 751 per
787 705 896 734 eum
923 688 1092 752 aliquae
1114 688 1367 734 seditiones
1393 689 1440 734 in
1469 707 1618 754 regno
1641 688 1810 737 Albio-

388 764 462 810 nis
488 764 805 829 implacabiles
829 766 1093 822 orirentur,
1124 766 1258 812 illum
1284 767 1386 814 sine
1407 767 1658 814 manifesto
1678 778 1811 815 reatu

388 842 558 888 vinclis
593 843 776 906 injecit,
810 844 1040 909 omnique
1072 844 1166 890 vita
1199 862 1277 890 sua
1315 846 1362 891 in
1401 846 1636 911 ergastulo
1670 864 1810 893 coer-

391 919 518 977 cuit,
545 929 591 965 et
625 919 817 966 cautelae
848 920 1038 984 Rogerii
1074 920 1299 984 oppidani
1331 922 1595 969 Belmontis
1627 923 1811 969 manci-

388 997 518 1060 pavit.
535 997 624 1061 (1).
651 997 792 1057 Quod
814 997 1183 1044 formosissimus
1201 1000 1389 1062 juvenis
1415 999 1628 1046 Eduinus
1653 1018 1811 1048 comes

389 1085 443 1119 ut
477 1074 656 1121 audivit
692 1075 786 1138 (2),
829 1077 979 1122 emori
1012 1094 1154 1140 quam
1194 1077 1352 1124 vivere
1385 1079 1681 1142 peroptavit,
1721 1079 1810 1125 nisi

389 1156 662 1199 Morcarum
698 1153 896 1200 fratrem
934 1172 1071 1200 suum
1110 1154 1279 1218 injuste
1318 1166 1508 1220 captum
1537 1156 1808 1213 liberasset,

390 1241 470 1277 aut
503 1231 750 1279 uberrimo
780 1233 1006 1297 sanguine
1035 1232 1432 1280 Normannorurn
1457 1252 1552 1282 sese
1575 1235 1813 1281 vindicas-

391 1319 477 1355 set.
507 1309 597 1356 Sex
623 1310 768 1374 igitur
787 1309 1030 1357 mensibus
1056 1328 1080 1355 a
1106 1311 1259 1357 Scotis
1283 1322 1331 1357 et
1359 1311 1539 1358 Guallis
1560 1311 1631 1359 vel
1650 1311 1813 1376 Anglis

390 1388 560 1434 auxilia
587 1387 674 1434 sibi
701 1389 938 1454 quaesivit.
961 1390 1143 1436 Interea
1171 1399 1265 1435 tres
1285 1388 1477 1446 fratres,
1501 1391 1583 1455 qui
1609 1391 1647 1437 ei
1676 1390 1816 1436 fami-

391 1465 527 1513 liares
562 1467 887 1532 praecipuique
926 1466 1146 1514 satellites
1183 1477 1344 1526 erant,
1383 1468 1673 1514 Normannis
1707 1485 1815 1514 eum

391 1543 737 1607 prodiderunt,
765 1555 811 1591 et
842 1545 928 1609 ipsi
953 1544 1172 1592 eumdem
1201 1563 1309 1590 cum
1338 1562 1403 1591 xx
1435 1544 1676 1609 equitibus
1710 1556 1815 1592 toto

391 1622 499 1668 nisu
524 1640 619 1669 sese
646 1622 981 1669 defendentem
1008 1623 1304 1671 occiderunt.
1340 1624 1477 1669 Tunc
1501 1623 1558 1669 ad
1588 1623 1677 1670 hoc
1704 1623 1813 1669 faci-

391 1716 482 1744 nus
514 1700 788 1747 exaestuatio
823 1700 1006 1745 marina
1039 1699 1341 1745 Normannos
1376 1698 1581 1763 adjuvit,
1614 1717 1722 1765 quae
1759 1699 1816 1745 ad

393 1776 605 1822 rivulum
624 1775 878 1841 quemdam
905 1776 1151 1822 Eduinum
1174 1776 1348 1822 morari
1377 1777 1548 1840 coegit,
1577 1777 1715 1841 eique
1738 1777 1817 1822 fu-

391 1871 499 1917 gam
546 1855 736 1917 penitus
783 1854 974 1901 ademit.
1025 1853 1196 1900 Audita
1238 1872 1324 1918 per
1368 1854 1593 1918 Angliam
1638 1854 1815 1901 Eduini

394 1941 576 1989 morte,
614 1931 769 1978 luctus
809 1933 974 1996 ingens
1009 1949 1108 1978 non
1147 1931 1303 1977 solum
1337 1931 1524 1995 Anglis,
1563 1931 1642 1978 sed
1677 1932 1818 1978 etiam

447 2146 497 2192 (1)
524 2147 589 2181 Les
605 2146 732 2181 choses
746 2158 791 2180 ne
805 2158 841 2180 se
854 2146 1040 2192 passerent
1051 2157 1114 2192 pas
1129 2151 1357 2179 exactement
1368 2156 1510 2178 comme
1522 2144 1699 2191 l’indique
1714 2150 1821 2177 notre

401 2212 545 2240 auteur.
566 2205 617 2239 Ce
636 2217 681 2239 ne
699 2205 753 2239 sut
771 2217 833 2251 pas
847 2204 1060 2239 Guillaume
1075 2205 1139 2252 qui
1158 2205 1340 2239 renferma
1356 2205 1500 2238 Morcar
1514 2203 1602 2237 dans
1617 2202 1687 2237 l'ile
1703 2198 1818 2248 d’Ely,

402 2266 493 2299 mais
520 2264 670 2300 celui-ci
698 2265 762 2312 qui
791 2265 840 2311 s’y
869 2265 1009 2311 refugia
1034 2264 1339 2298 volontairenient
1364 2264 1495 2309 aupres
1521 2262 1566 2297 de
1596 2263 1818 2305 Hereward,

400 2337 496 2372 pour
515 2337 551 2359 se
570 2324 727 2359 derober
751 2337 820 2358 aux
843 2325 1014 2358 atteintes
1033 2324 1082 2358 du
1104 2325 1170 2358 roi.
1193 2324 1294 2358 Nous
1319 2335 1528 2370 apprenons
1547 2323 1592 2356 ici
1611 2335 1683 2369 que
1707 2335 1747 2357 ce
1765 2323 1821 2357 sut

399 2386 524 2432 Roger
542 2385 587 2419 de
602 2385 805 2419 Beaumont
824 2384 887 2432 qui
908 2391 1010 2431 recut
1024 2384 1057 2418 la
1072 2384 1222 2418 mission
1237 2383 1282 2418 de
1302 2383 1334 2417 le
1351 2382 1482 2430 garder
1497 2383 1718 2429 prisonnier‚
1736 2395 1820 2429 pro-

400 2446 612 2480 bablement
625 2444 714 2479 dans
728 2444 803 2478 l’un
820 2443 864 2478 de
885 2455 938 2477 ses
961 2443 1137 2477 chateaux
1157 2443 1202 2477 de
1221 2443 1441 2485 Beaumont,
1463 2442 1509 2476 de
1527 2442 1687 2477 Brionne
1707 2454 1754 2476 ou
1774 2441 1820 2476 de

402 2504 712 2540 Pont-Audemer.
735 2504 795 2540 On
812 2505 880 2538 sait
899 2516 970 2551 que
991 2505 1147 2546 Morcar,
1171 2503 1289 2538 rendu
1308 2506 1325 2538 a
1344 2503 1376 2538 la
1391 2503 1523 2538 liberte
1543 2516 1608 2550 par
1621 2503 1755 2537 l’ordre
1773 2502 1823 2536 du

403 2566 642 2613 Conquerant
660 2578 679 2598 a
702 2576 767 2598 son
786 2563 830 2598 lit
847 2563 892 2597 de
917 2570 1035 2606 mort,
1061 2564 1117 2598 sut
1137 2576 1293 2611 presque
1312 2563 1626 2598 immediatement
1648 2563 1759 2596 remis
1778 2574 1822 2596 en

404 2626 576 2671 captivite
594 2637 660 2671 par
678 2623 1086 2659 Guillaume·le—Roux.

453 2687 502 2731 (2)
529 2687 629 2720 Nous
648 2698 693 2720 ne
717 2697 873 2733 pensons
900 2697 963 2732 pas
984 2684 1180 2732 qu’devin
1206 2697 1251 2718 ne
1279 2697 1315 2719 se
1339 2684 1409 2718 soit
1430 2682 1558 2718 decide
1575 2684 1593 2716 a
1613 2681 1771 2728 prendre
1791 2682 1823 2716 la

405 2747 496 2780 suite
516 2747 682 2793 qu’apres
698 2748 797 2781 avoir
816 2759 862 2780 eu
881 2746 1138 2781 connaissance
1157 2745 1202 2780 de
1222 2745 1254 2779 la
1272 2746 1443 2792 captivite
1461 2743 1506 2778 de
1526 2755 1590 2777 son
1607 2743 1716 2784 frere,
1735 2743 1825 2777 mais

408 2806 512 2853 qu'au
533 2806 715 2840 contraire
735 2819 775 2841 ce
793 2806 849 2840 sut
865 2806 915 2840 lui
935 2806 997 2852 qui
1020 2806 1156 2852 rompit
1176 2805 1208 2839 le
1223 2805 1383 2851 premier
1401 2815 1483 2837 avec
1501 2800 1725 2837 Guillaume.
