1951 3194
128 210 397 259 [moi-1125]
610 206 766 245 LIBER
795 204 1050 254 QUARTUS.
1469 203 1546 240 287

128 306 330 352 corpore
369 299 415 335 et
457 286 805 333 honorabiliter
842 286 1028 350 sepulto
1069 299 1220 348 prope
1254 281 1399 327 altare
1444 280 1542 344 (1),

127 367 353 413 miracula
389 365 564 413 ibidem
597 366 717 412 facta
747 376 858 411 sunt
885 364 1155 428 saepissime.
1191 362 1294 409 Hoc
1318 361 1549 408 veraciter

128 447 242 511 aegri
267 446 598 509 experiuntur,
627 445 706 506 qui
735 462 845 490 cum
870 442 961 489 fide
984 450 1198 506 petentes
1217 449 1392 504 optatae
1415 439 1547 485 sani-

130 524 237 569 tatis
260 521 485 588 gaudium
509 520 678 569 crebro
705 520 1049 583 adipiscuntur.

196 599 409 646 Tandem
429 598 618 662 lngulfo
637 596 804 644 abbate
822 607 873 642 x0
892 606 963 642 V10
980 596 1073 641 kal.
1094 594 1357 641 decembris
1376 595 1444 657 (2)
1462 593 1547 641 de—

128 679 298 726 functo
339 676 614 725 Goisfredus
657 675 875 722 successit
893 710 908 732 ,
951 684 997 720 et
1040 674 1089 719 in
1131 673 1294 718 multis
1343 672 1549 719 ecclesiae

131 755 441 803 Crulandensi
468 765 514 800 et
544 752 892 800 habitatoribus
920 753 1017 814 ejus
1050 750 1208 797 studio
1240 749 1470 796 bonitatis
1504 761 1551 797 et

131 834 390 882 honestatis
413 832 615 897 profuit.
636 832 724 877 Hic
743 847 914 895 genere
931 829 1022 875 fuit
1041 829 1330 892 Francigena
1355 845 1411 874 ex
1430 827 1549 874 urbe

130 912 491 967 Aurelianensi,
534 909 714 956 scholas
752 908 1021 955 liberalium
1054 907 1230 953 artium
1269 916 1455 953 secutus
1492 906 1550 951 ab

131 1007 233 1037 aevo
257 989 455 1053 puerili,
492 989 672 1035 affatim
709 986 918 1033 imbutus
948 985 1116 1051 peritia
1149 983 1367 1041 litterali,
1403 1001 1553 1029 mun-

130 1067 245 1113 dum
278 1083 502 1130 perosus,
542 1065 869 1128 desiderioque
905 1063 1108 1129 flagrans
1140 1061 1351 1118 coelesti,
1386 1078 1552 1109 mona-

133 1144 254 1192 chile
281 1145 467 1191 schema
494 1145 542 1190 in
569 1142 793 1190 coenobio
821 1143 868 1188 S.
898 1141 1088 1188 Ebrulfi
1113 1139 1295 1186 abbatis
1322 1140 1552 1203 suscepit,

132 1224 261 1289 quod
296 1223 420 1271 idem
453 1234 641 1269 sanctus
679 1233 895 1285 tempore
925 1218 1215 1266 childeberti
1252 1219 1373 1283 regis
1408 1221 1556 1265 Fran-

134 1319 302 1349 corum
322 1303 392 1366 (5)
414 1301 536 1366 apud
555 1301 751 1348 Uticum
770 1299 1055 1347 construxit.
1074 1297 1144 1344 Ibi
1163 1298 1418 1354 nimirum,
1444 1297 1553 1362 quia

135 1379 266 1427 locus
295 1379 418 1425 idem
449 1379 593 1443 magis
621 1378 852 1441 religione
875 1394 1017 1442 quam
1048 1376 1226 1422 divitiis
1251 1374 1555 1421 saecularibus

136 1456 363 1516 abundat,
382 1456 657 1504 Goisfredus
677 1457 773 1502 tiro
791 1455 877 1502 sub
897 1455 1129 1501 Mainerio
1148 1452 1333 1510 abbate,
1355 1453 1438 1518 qui
1461 1471 1556 1499 ma-

135 1535 216 1598 gni
246 1533 448 1580 fervoris
472 1533 594 1579 sama
619 1532 857 1597 pollebat,
882 1530 1151 1578 monachile
1174 1532 1345 1594 jugum
1373 1547 1556 1593 suscep-

135 1611 232 1676 pit,
257 1610 434 1675 diuque
462 1611 621 1675 gessit,
645 1621 691 1656 et
714 1628 799 1674 per
820 1609 1001 1656 diversa
1026 1609 1175 1656 officia
1198 1607 1426 1672 probatus
1450 1618 1556 1671 post

136 1706 288 1736 annos
316 1705 379 1735 XV
408 1688 731 1735 conversionis
761 1705 856 1734 suae
887 1688 944 1733 ad
969 1687 1210 1751 prioratus
1239 1686 1559 1733 ministerium

137 1765 410 1829 promoveri
436 1765 723 1830 promeruit.
755 1765 971 1830 Denique
996 1781 1124 1811 anno
1149 1762 1207 1810 ab
1231 1764 1559 1810 incarnatione

139 1842 334 1888 Domini
354 1852 407 1888 Μο
421 1852 465 1888 c⁰
479 1852 548 1887 1x⁰
567 1842 641 1905 (4)
655 1846 789 1904 jussu
806 1842 1000 1888 Henrici
1017 1842 1140 1905 regis
1156 1840 1424 1905 Anglorum
1443 1841 1560 1886 Cru-

141 1917 376 1964 landensis
396 1918 602 1965 ecclesiae
626 1919 840 1982 regimen
860 1918 1063 1981 suscepit
1077 1953 1089 1974 ,
1112 1934 1381 1980 novamque
1398 1917 1560 1962 basili-

143 2048 239 2056 ,-.-.-

190 2122 240 2166 (1)
263 2121 368 2156 Cette
384 2120 598 2155 translation
614 2121 822 2167 appartient
837 2120 1041 2167 egalement
1058 2123 1077 2155 a
1094 2120 1234 2155 l'annee
1253 2134 1335 2169 1091
1346 2150 1353 2156 .

189 2180 240 2225 (2)
265 2180 314 2214 Le
334 2192 374 2227 17
391 2179 453 2213 des
470 2178 640 2213 kalendes
659 2178 704 2213 de
716 2179 859 2224 janvier
875 2181 933 2227 (17
950 2178 1144 2214 decembre
1167 2193 1177 2213 1
1190 2181 1268 2227 109)
1287 2187 1323 2214 et
1342 2192 1416 2215 non
1435 2193 1499 2227 pas
1519 2181 1564 2216 (10

144 2238 357 2282 decembre,
379 2250 520 2273 comme
534 2238 567 2273 10
581 2238 637 2272 dit
653 2245 760 2273 notre
778 2245 920 2273 auteur.
942 2238 972 2272 ]1
990 2239 1047 2273 sut
1064 2241 1211 2273 enterre
1230 2239 1263 2273 le
1277 2239 1365 2285 jour
1380 2240 1425 2275 de
1442 2241 1563 2276 Saint—

145 2297 329 2339 Thomas,
351 2298 414 2344 qui
428 2305 483 2332 est
496 2297 528 2332 le
543 2309 582 2331 21
601 2297 807 2332 decembre.

192 2354 242 2401 (3)
267 2355 487 2390 Childebert
502 2356 544 2390 Ier
562 2363 713 2391 mourut
729 2369 775 2391 en
793 2355 876 2392 558.
893 2357 996 2392 Saint
1012 2348 1163 2391 Evroult
1179 2356 1247 2390 alla
1265 2356 1410 2391 habiter
1422 2356 1454 2392 la
1469 2358 1561 2394 foret

146 2413 317 2448 d'Ouche
336 2425 415 2447 vers
439 2413 521 2448 560.
548 2415 740 2450 Peut-etre
765 2422 871 2449 notre
895 2422 1026 2450 auteur
1051 2414 1183 2449 veut-il
1203 2414 1323 2461 parler
1342 2414 1387 2449 de
1409 2416 1563 2452 Childe-

144 2471 227 2506 bert
247 2472 302 2515 II,
331 2471 384 2505 roi
411 2471 654 2516 d’Austrasie,
675 2473 739 2520 qui
764 2473 803 2507 fit
826 2486 899 2508 une
916 2474 1021 2508 visite
1041 2486 1087 2507 au
1106 2474 1215 2520 pieux
1233 2473 1393 2508 solitaire
1411 2487 1457 2509 en
1474 2474 1564 2523 596,

148 2542 290 2565 comme
309 2541 400 2564 nous
419 2529 452 2564 le
470 2542 618 2565 verrons
638 2532 809 2578 ci-apres.

196 2590 248 2632 (4)
273 2589 324 2623 Ce
343 2601 388 2623 ne
401 2588 456 2622 fut
473 2589 579 2634 point
596 2601 641 2623 en
662 2602 748 2637 ¹¹09
761 2618 770 2631 ,
792 2590 882 2623 mais
902 2601 947 2622 au
966 2595 1281 2623 connnencemcnt
1300 2588 1345 2623 de
1368 2603 1401 2623 11
1414 2602 1473 2634 10,
1496 2604 1567 2638 quo

151 2655 207 2681 cet
226 2647 316 2681 abbe
335 2649 391 2681 tut
411 2650 568 2682 1101111110.
588 2649 631 2682 Sa
654 2650 750 2694 prise
767 2648 812 2682 de
833 2648 1033 2695 possession
1053 2656 1115 2682 eut
1138 2648 1213 2682 11011
1236 2648 1267 2682 10
1292 2648 1486 2685 (1111131101ιο
1506 2652 1569 2686 dez

152 2706 286 2741 Rainea
293 2719 313 2741 u
320 2720 350 2741 x.
