1951 3194
351 264 402 301 82
718 262 753 298 Π
765 260 961 298 is'i'oRIA
992 257 1393 295 ECCLESIASTICA.
1492 258 1761 308 [1061-1063]

352 340 562 388 Anssridi
588 339 948 386 Pratellensium
974 335 1156 381 abbatis
1186 346 1234 382 et
1268 336 1517 382 Lanfranci
1554 337 1763 383 Beccen-

353 419 474 465 sium
506 417 707 481 prioris,
748 415 1039 477 aliarumque
1078 429 1387 477 personarum
1426 413 1762 461 ecclesiastica-

352 515 462 543 rum
498 494 763 543 Osbernum
803 491 1195 538 Cormeliensium
1235 491 1445 554 priorem
1480 509 1504 537 a
1539 492 1763 538 Rainerio

353 573 522 620 abbate
546 573 730 618 Sanctae
758 570 1009 616 Trinitatis
1044 568 1100 616 de
1130 569 1296 616 Monte
1323 570 1573 633 Rotomagi
1599 570 1765 634 requi-

354 651 489 706 sivit,
512 649 648 713 eique
673 647 743 694 nil
769 646 859 693 tale
880 645 1134 710 suspicanti
1158 662 1243 709 per
1263 643 1531 691 cambutam
1555 646 1765 691 Maurilii

352 724 691 789 archiepiscopi
720 724 768 769 in
799 723 983 788 synodo
1007 722 1342 785 Rotomagensi
1376 738 1536 767 curam
1564 722 1767 768 Uticen-

354 804 414 850 sis
432 803 632 849 abbatiae
647 800 1013 848 commendavit.
1031 799 1210 846 Deinde
1225 801 1362 863 Hugo
1380 801 1766 863 episcopusjussu

353 881 485 928 ducis
498 898 606 927 eum
622 879 834 925 Pratellis
850 877 1059 935 adduxit,
1079 877 1240 942 ibique
1257 876 1433 934 subito,
1448 877 1766 924 nescientibus

353 959 598 1005 monachis
633 957 792 1003 Sancti
831 955 1039 1011 Ebrulfi,
1081 953 1299 1001 abbatem
1338 955 1654 1011 consecravit,
1692 973 1767 1001 se-

355 1054 558 1101 cumque
586 1046 745 1099 postea
769 1034 965 1081 Uticum
993 1033 1212 1089 adduxit,
1243 1044 1290 1080 et
1317 1033 1500 1079 moestis
1534 1034 1768 1080 Uticensi-

354 1112 443 1159 bus
482 1131 537 1159 ex
580 1111 782 1175 imperio
819 1109 949 1155 ducis
985 1110 1228 1172 imposuit.
1267 1109 1340 1155 Illi
1381 1120 1536 1155 autem
1572 1110 1766 1173 ancipiti

354 1190 627 1238 discrimine
653 1188 828 1234 anxiati
853 1197 980 1233 sunt.
1008 1187 1129 1233 Nam
1154 1187 1341 1233 vivente
1365 1186 1531 1233 abbate
1556 1205 1658 1244 suo,
1685 1187 1766 1251 qui

354 1267 603 1333 praefatam
627 1265 869 1313 ecclesiam
891 1263 1199 1320 fundaverat,
1229 1281 1400 1329 eosque
1431 1264 1487 1309 ad
1519 1264 1768 1311 monacha-

356 1355 462 1391 tum
491 1353 783 1407 susceperat,
811 1353 857 1389 et
888 1341 987 1387 sine
1015 1339 1342 1404 probabilibus
1374 1341 1523 1404 culpis
1552 1359 1650 1388 non
1684 1359 1769 1404 per

349 1423 583 1488 judicium
613 1420 813 1487 synodi,
845 1420 924 1465 sed
955 1436 1040 1483 per
1071 1418 1374 1483 tyrannidem
1404 1419 1608 1465 furentis
1639 1419 1769 1464 Mar-

357 1500 472 1546 chisi
510 1499 582 1563 (1)
624 1497 842 1561 expulsus
882 1496 1061 1552 fuerat,
1099 1495 1246 1540 alium
1281 1494 1498 1542 abbatem
1536 1496 1769 1558 suscipere

353 1576 664 1633 dubitabant,
690 1591 776 1620 nec
797 1573 949 1636 palam
980 1572 1186 1618 refutare
1211 1583 1408 1636 propter
1432 1572 1562 1618 ducis
1587 1573 1769 1619 animo-

355 1655 542 1701 sitatem
569 1651 817 1699 audebant.
845 1650 1056 1695 Tandem
1086 1651 1286 1698 consilio
1314 1649 1528 1714 praedicti
1555 1650 1769 1715 praesulis

353 1734 597 1798 elegerunt
624 1731 717 1795 pati
747 1729 1048 1784 violentiam,
1077 1729 1315 1793 gratisque
1343 1728 1452 1775 dato
1484 1728 1571 1774 sibi
1598 1730 1767 1792 magis-

355 1823 432 1859 tro
462 1809 684 1858 exhibere
721 1808 1065 1863 obedientiam,
1099 1824 1158 1853 ne
1187 1808 1220 1852 si
1253 1812 1352 1853 sine
1379 1808 1494 1871 jugo
1529 1825 1770 1871 permane-

356 1901 488 1945 rent,
515 1889 598 1935 Dei
624 1886 922 1934 offenderent
941 1886 1228 1948 potentiam,
1253 1896 1298 1933 et
1322 1886 1379 1932 ad
1398 1885 1767 1932 destructionem

356 1967 532 2015 novelli
564 1964 774 2011 coenobii
807 1964 1071 2027 graviorem
1095 1962 1225 2009 ducis
1253 1963 1620 2010 contradicendo
1647 1964 1770 2010 exci-

356 2055 514 2092 tarent
540 2042 931 2089 malevolentiam.

424 2122 575 2166 Porro
606 2117 838 2165 Ernaidns
869 2117 924 2163 de
955 2117 1189 2163 Escalfoio
1218 2117 1437 2179 injuriam
1467 2116 1767 2163 exhaeredita-

359 2198 504 2245 tionis
525 2213 618 2242 suae
642 2196 812 2240 acriter
830 2193 1116 2252 vindicabat,
1137 2205 1179 2240 et
1206 2195 1400 2257 rapinis,
1422 2194 1765 2257 incendiisque,

362 2274 707 2336 hominumque
740 2272 943 2335 capturis
980 2271 1053 2317 rel
1084 2269 1396 2317 occisionibus
1435 2270 1768 2315 Lexovicnsem

364 2371 535 2417 pagum
563 2368 646 2414 per
668 2350 928 2395 triennium
954 2348 1244 2413 inquietabat
1271 2349 1362 2411 (0).
1392 2347 1602 2406 Quadam
1630 2358 1772 2394 nocte

418 2567 469 2611 (ι)
488 2567 535 2600 Le
549 2564 620 2599 duc
635 2562 859 2598 Guillaume.

418 2627 468 2670 (2)
487 2625 600 2659 Notre
620 2630 749 2657 autem·
772 2636 789 2656 a
809 2621 954 2668 neglige
980 2621 1024 2656 de
1044 2634 1134 2656 nous
1154 2623 1326 2670 indiquei·
1344 2624 1388 2658 de
1407 2623 1490 2671 quel
1508 2624 1611 2670 point
1626 2623 1773 2657 Ernaud

375 2677 620 2717 d'l'ichausour
639 2682 786 2728 pouvait
800 2682 887 2715 faire
903 2694 960 2715 cesv
973 2682 1195 2725 incursious;
1216 2684 1305 2717 mais
1324 2696 1414 2717 nous
1429 2694 1575 2717 vcrrons
1593 2683 1674 2729 plus
1692 2683 1773 2717 tard

374 2755 445 2788 que
463 2742 582 2776 ‹fle-tait
599 2741 644 2775 dc
664 2741 865 2785 (burville,
888 2743 969 2787 pres
987 2742 1171 2776 Charin-es,
1191 2744 1306 2789 Apres
1325 2742 1423 2777 avoir
1440 2741 1625 2788 distingue
1643 2743 1774 2778 ci—des·
