1951 3194
290 214 308 248 1
319 209 369 249 44
654 210 897 249 HISTORIA
927 210 1329 250 ECCLESIASTICA.
1561 215 1697 265 [1066]

291 289 432 336 nibus
452 290 598 354 copiis
618 290 711 335 suis
732 288 975 336 occubuit.
997 290 1149 336 Locus
1162 290 1302 337 etiam
1324 290 1434 338 belli
1459 303 1702 356 pertrans-

291 365 513 413 euntibus
533 366 776 413 evidenter
797 375 950 429 patet,
973 365 1055 412 ubi
1080 384 1246 431 magna
1265 369 1503 433 congeries
1526 370 1703 417 ossium

291 455 594 491 mortuorum
617 460 764 507 usque
784 442 923 489 hodie
935 444 1059 506 jacet
1071 479 1083 501 ‚
1106 454 1151 491 et
1170 443 1397 490 indicium
1415 446 1568 493 ruinae
1585 447 1704 492 mul-

290 523 464 587 tiplicis
482 522 729 586 utriusque
743 521 896 585 gentis
915 520 1105 569 exhibet
1124 522 1213 585 (1).

355 601 538 646 Interea
557 599 672 645 dum
691 599 833 664 Angli
852 598 980 646 bello
993 599 1280 646 Eboracensi
1302 601 1517 664 occupati
1540 612 1700 659 erant,

289 687 336 723 et
360 676 621 723 custodiam
643 677 808 733 maris,
833 686 887 721 ut
904 676 1127 736 diximus,
1147 688 1269 723 nutu
1285 678 1368 724 Dei
1393 679 1701 743 reliquerant,

290 756 444 802 classis
481 756 875 802 Normannorum
907 756 1038 820 (quae
1081 756 1232 819 spatio
1268 757 1409 802 unius
1446 757 1619 803 mensis
1654 757 1704 803 in

289 835 414 882 ostio
432 834 564 880 Divae
586 834 851 898 vicinisque
869 833 1104 896 portubus
1123 833 1305 879 Notum
1324 834 1591 898 praestolata
1610 835 1703 897 est)

290 912 484 976 zephyri
518 910 635 956 flatu
664 911 713 956 in
745 910 998 957 stationem
1024 910 1072 955 S.
1109 910 1312 958 Galerici
1336 911 1409 975 (2)
1437 911 1586 958 delata
1615 922 1701 958 est.

288 991 361 1036 Ibi
392 990 538 1036 multa
566 1007 654 1053 pro
679 1007 726 1035 se
752 999 799 1035 et
822 1005 912 1052 pro
935 989 1097 1035 amicis
1122 1000 1230 1035 vota
1255 989 1377 1035 facta
1400 1001 1511 1036 sunt
1530 1001 1576 1037 et
1599 1007 1706 1053 pre-

290 1087 362 1116 ces
389 1066 853 1131 innumerabilesque
880 1066 1103 1131 lacrymae
1124 1066 1281 1113 effusae
1310 1079 1437 1113 sunt.
1471 1068 1593 1114 Nam
1612 1085 1703 1114 ne-

288 1147 471 1194 cessarii
497 1145 676 1192 sodales
707 1163 787 1191 seu
811 1144 905 1190 cari
930 1144 1025 1190 sive
1050 1144 1338 1208 propinqui,
1371 1145 1454 1209 qui
1479 1144 1608 1192 domi
1627 1163 1703 1192 re—

286 1225 497 1271 mansuri
519 1234 671 1280 erant,
693 1223 807 1269 dum
828 1222 1173 1287 quinquaginta
1197 1222 1343 1268 millia
1363 1223 1571 1269 militum
1595 1241 1704 1270 eum

287 1302 420 1366 copia
450 1299 665 1365 peditum
687 1317 772 1364 per
808 1298 1103 1346 horrendum
1131 1299 1320 1364 pelagus
1346 1300 1404 1346 ad
1428 1318 1705 1365 expugnan-

286 1381 396 1426 dam
422 1380 471 1425 in
490 1379 682 1443 propria
698 1377 803 1425 sede
821 1377 1113 1442 incognitam
1134 1388 1323 1442 gentem
1347 1378 1414 1425 ire
1431 1377 1674 1425 certabant
1687 1415 1701 1435 ,

284 1457 475 1505 fletibus
490 1467 536 1503 et
551 1456 779 1520 suspiriis,
798 1455 1054 1520 multisque
1069 1456 1192 1501 curis
1208 1468 1359 1503 metus
1374 1468 1420 1504 et
1435 1456 1704 1521 cupiditatis

287 1547 385 1581 tam
406 1552 496 1598 pro
511 1553 558 1581 se
572 1551 714 1598 quam
737 1550 826 1597 pro
849 1533 1008 1579 amieis
1032 1534 1159 1579 anxii
1179 1545 1331 1580 erant.
1356 1536 1492 1581 Tunc
1518 1534 1581 1581 ibi
1607 1534 1704 1581 dux

286 1612 570 1658 VVillex‘mus
602 1622 648 1657 et
684 1611 841 1656 omnis
873 1610 1104 1656 exercitus
1139 1610 1357 1673 precibus
1395 1623 1441 1658 et
1474 1611 1612 1658 (lonis
1651 1629 1703 1657 ac

285 1690 408 1736 votis
429 1691 527 1735 Deo
542 1706 588 1735 se
604 1687 1074 1744 commendaverunt,
1097 1698 1143 1734 et
1157 1705 1328 1752 corpus
1338 1689 1483 1735 sancti
1501 1688 1703 1735 Galerici

288 1767 569 1815 confessoris
603 1765 778 1816 Christi
810 1783 900 1830 pro
927 1765 1134 1813 secundo
1168 1766 1283 1811 flatu
1306 1777 1435 1813 extra
1465 1765 1703 1812 basilicam

286 1846 579 1893 detulerunt.
619 1844 836 1908 Denique
867 1843 977 1889 dum
1014 1861 1212 1908 prosper
1237 1855 1406 1891 ventus
1438 1845 1704 1892 multorum

286 1925 410 1972 votis
429 1933 617 1988 optatus
641 1922 741 1969 Deo
764 1921 954 1968 volente
973 1921 1131 1968 subito
1150 1922 1368 1986 spiravit,
1391 1923 1612 1987 protinus
1632 1941 1703 1969 ar-

285 2004 399 2050 dens
429 2000 721 2049 vehementia
746 2000 877 2046 ducis
911 2018 1076 2047 omnes
1102 2000 1159 2046 ad
1183 2019 1361 2066 puppes
1394 2001 1700 2058 convocavit,

289 2093 336 2130 et
370 2080 613 2144 navigium
649 2078 852 2124 viriliter
885 2078 1006 2124 inire
1045 2079 1312 2142 imperavit.
1353 2079 1702 2126 Normannicus

289 2162 447 2224 itaque
471 2157 704 2204 exercitus
728 2162 808 2201 J11⁰
834 2155 926 2201 kal.
956 2157 1168 2203 octobris
1196 2175 1324 2204 mare
1349 2157 1669 2203 transfretavit
1685 2192 1699 2213 ,

288 2246 430 2284 nocte
450 2251 540 2299 qua
576 2232 857 2280 memoriam
880 2233 1027 2278 sancti
1061 2232 1298 2279 Michaelis
1329 2231 1595 2297 archangeli
1621 2250 1703 2278 ca·-

335 2476 385 2520 (1)
411 2475 460 2508 La
476 2472 622 2508 bataille
641 2472 685 2506 de
703 2470 1039 2517 Stamfordbridge,
1065 2471 1154 2505 dans
1174 2471 1328 2518 laquelle
1344 2472 1509 2518 perirent
1525 2471 1558 2506 le
1576 2472 1628 2505 roi
1656 2471 1702 2505 de

291 2535 471 2580 Norwege
493 2540 530 2567 ct
541 2532 684 2573 Tostic,
706 2531 763 2564 fut
777 2530 887 2565 livree
906 2530 938 2565 le
954 2530 996 2565 ¹25
1010 2531 1226 2577 septembre.
1250 2532 1325 2566 Elle
1341 2533 1434 2566 avait
1453 2533 1508 2566 ete
1525 2530 1700 2577 precedee

287 2594 373 2639 cinq
394 2593 498 2638 jours
523 2597 742 2637 auparavant
760 2590 870 2624 d’une
896 2598 999 2625 autre
1019 2590 1163 2625 bataille
1184 2593 1201 2624 ἐι
1221 2590 1510 2633 Fulsord-Gate‚
1535 2589 1623 2622 dans
1646 2588 1699 2622 la*

291 2652 409 2698 quelle
433 2651 482 2685 les
502 2662 724 2697 agresseurS,
746 2649 825 2696 deja
844 2650 990 2685 maitres
1008 2650 1052 2685 de
1070 2651 1101 2684 la
1115 2651 1197 2685 ville
1215 2651 1349 2685 d'York
1368 2658 1404 2686 et
1423 2651 1471 2684 du
1496 2661 1579 2695 pays
1599 2649 1698 2682 envi—

291 2718 465 2751 ronnant,
492 2711 632 2744 avaient
650 2711 753 2745 battu
772 2710 822 2745 les
839 2718 975 2746 comtes
995 2711 1123 2745 Edwin
1149 2718 1184 2745 et
1205 2712 1359 2745 Morcar.

340 2784 388 2829 (9.)
415 2783 927 2819 Saint-Valeri-sur-Somme.
