1951 3194
168 275 437 325 [1066-1089]
659 273 812 311 LIBER
842 271 1073 310 TERTIUS.
1493 276 1509 309 1
1518 275 1569 311 33

164 354 491 419 magnanimus
521 364 567 400 et
600 354 655 400 ad
686 354 845 400 omnia
878 370 984 417 quae
1012 351 1229 416 cupiebat
1253 350 1486 408 fervidus,
1516 352 1572 398 ad

165 432 282 477 iram
302 432 437 478 velox
458 440 505 478 et
524 432 572 477 in
593 429 877 476 militaribus
900 429 1133 477 exercitiis
1151 429 1299 476 ferox.
1317 430 1572 493 Promptus

165 521 264 557 erat
295 510 441 556 aliena
475 510 739 574 procaciter
761 525 926 571 rapere
955 519 1002 554 et
1027 526 1104 553 sua
1131 507 1458 571 imprudenter
1480 507 1574 553 dis-

162 585 382 643 trahere,
425 596 479 631 ut
519 595 781 632 mereretur
818 584 1035 630 frivolam
1077 584 1351 648 dapsilitatis
1388 584 1573 630 laudem

163 661 352 710 habere.
397 664 484 709 Hic
527 662 690 708 hahuit
727 663 977 726 conjugem
1011 663 1207 708 nornine
1247 664 1389 719 Itam,
1429 662 1573 708 filiam

161 738 402 785 Heremari
428 739 484 785 de
513 738 728 785 Pontesia
745 773 758 794 ‚
782 755 890 802 quae
920 738 1106 801 peperit
1139 738 1177 783 ei
1204 738 1498 784 VValterium
1528 749 1575 785 et

161 817 466 873 Mainerium,
499 818 749 880 Hugonem
786 827 832 862 et
864 814 1139 862 Gervasium
1157 851 1170 872 ‚
1209 816 1494 861 Hermarum
1527 825 1574 860 et

159 892 434 951 Fulcoium,
462 903 509 939 et
534 893 678 939 filiam
705 892 901 939 nomine
932 892 1208 938 Luxoviam.
1246 892 1503 937 Mainerius
1528 901 1574 937 et

158 969 377 1016 Fulcoius
401 988 424 1015 a
449 971 651 1034 pueritia
674 969 932 1017 monachili
958 986 1125 1016 norma
1151 968 1396 1015 constricti
1430 977 1569 1023 sunt;

156 1045 232 1090 alii
256 1063 370 1093 vero
393 1057 600 1111 quatuor
622 1047 817 1093 militari
842 1046 1031 1093 licentia
1056 1044 1296 1110 perfuncti
1325 1056 1452 1091 sunt.

218 1123 438 1170 Fulcoius
468 1124 725 1171 monachos
761 1124 926 1187 (quia,
952 1123 1184 1186 sicutjam
1206 1121 1331 1180 dixi,
1357 1119 1572 1167 moribus

156 1199 387 1246 instabilis
414 1202 540 1263 erat)
563 1201 816 1267 aliquando
838 1200 1045 1247 multum
1065 1198 1312 1264 diligebat,
1337 1209 1385 1245 et
1404 1209 1571 1245 contra

157 1292 321 1323 omnes
354 1277 646 1325 adversantes
687 1277 862 1324 obnixe
900 1275 1180 1335 muniebat,
1220 1291 1571 1339 nonnunquam

157 1370 270 1402 vero
296 1356 392 1419 ipse
415 1356 621 1420 graviter
644 1355 960 1420 opprimebat.
984 1356 1148 1401 Parnis
1174 1372 1314 1401 senex
1338 1352 1570 1417 Rogerius

158 1441 204 1478 et
230 1432 506 1480 Goisbcrtus
525 1434 759 1490 medicus,
788 1433 1059 1480 Rodbertus
1077 1432 1244 1478 Calvus
1263 1441 1309 1477 et
1331 1430 1569 1475 Haimeri-

160 1528 264 1568 cus,
292 1511 496 1558 Joannes
521 1523 567 1559 et
597 1511 915 1568 Isembardus,
945 1511 1117 1575 aliique
1142 1510 1301 1573 plures
1324 1508 1371 1554 in
1397 1524 1568 1553 mona-

157 1587 296 1634 chatu
314 1589 412 1636 Deo
430 1590 640 1636 famulati
667 1600 778 1636 sunt
797 1609 809 1646 ;
834 1608 888 1636 ex
911 1587 1086 1653 quibus
1106 1585 1371 1634 Bernardus
1395 1602 1569 1650 cogno-

155 1675 318 1714 mento
339 1666 538 1712 Michael
563 1678 609 1713 et
632 1666 883 1713 Rainaldus
897 1703 909 1723 ,
935 1666 1219 1714 Teodericus
1241 1674 1287 1711 et
1304 1662 1567 1708 Walterius

154 1741 345 1799 Calvus,
372 1754 417 1790 et
439 1744 725 1791 Willermus
749 1744 1049 1792 Cadomensis
1064 1779 1077 1801 ,
1101 1743 1181 1808 qui
1207 1740 1476 1788 Alexander
1498 1750 1567 1786 est

154 1823 544 1885 cognominatus,
579 1824 628 1868 in
662 1841 827 1887 magna
856 1823 1086 1886 religione
1119 1821 1371 1874 vixerunt,
1405 1817 1566 1881 ibique

153 1898 297 1946 finem
328 1901 440 1946 vitae
474 1902 630 1947 sortiti
665 1900 999 1948 venerabiliter
1030 1898 1249 1944 tumulati
1281 1907 1408 1942 sunt.
1452 1896 1565 1941 Haec

152 1978 310 2023 omnia
332 1995 440 2042 quae
458 1979 678 2025 Fulcoius
697 1979 904 2035 dederat,
927 1976 1170 2024 monachis
1189 1975 1420 2022 concessit
1443 1973 1567 2020 Rod-

149 2053 312 2100 bertus
330 2055 571 2119 Eloquens
589 2056 645 2102 dc
665 2056 989 2111 calvimonte,
1012 2055 1094 2119 qui
1115 2052 1323 2117 capitalis
1343 2050 1564 2098 dominus

149 2141 264 2176 erat.
300 2131 408 2177 Non
440 2132 592 2179 multo
625 2144 732 2196 post
768 2132 917 2189 idem,
951 2131 1065 2177 dum
1100 2129 1310 2195 praedam
1346 2129 1402 2174 de
1440 2138 1566 2174 terra

150 2208 307 2254 Sancti
332 2209 547 2257 Audoeni
578 2211 812 2258 violenter
836 2210 1081 2267 educeret,
1118 2209 1174 2256 de
1205 2225 1327 2273 equo
1360 2216 1565 2252 armatus

153 2283 347 2339 cecidit,
375 2286 595 2351 galeaque
623 2287 769 2334 humo
799 2288 885 2333 fixa
905 2325 915 2345 ,
947 2287 1165 2350 colloque
1189 2285 1342 2330 fracto
1368 2283 1566 2327 misera—

152 2358 312 2405 biliter
341 2360 488 2418 obiit3
521 2366 650 2428 cujus
674 2365 868 2411 cadaver
898 2363 1021 2428 apud
1045 2362 1260 2408 Alliarias
1286 2359 1357 2423 (1)
1381 2358 1566 2403 Maine-

153 2436 249 2481 rius
273 2435 412 2482 abbas
444 2439 490 2484 in
523 2442 729 2503 capitulo
761 2440 1131 2487 Flaviae-ensium
1158 2438 1361 2483 fratrum
1390 2433 1564 2481 ibidem

202 2645 252 2687 (1)
278 2643 465 2678 L'Aillerie
491 2645 573 2690 pres
592 2644 819 2687 Chuni-nont,
840 2647 888 2679 οὐ
912 2645 935 2678 il
961 2645 1104 2678 existait
1122 2655 1171 2676 un
1192 2642 1339 2688 prieure
1356 2639 1567 2686 dependant

157 2698 200 2732 dc
213 2700 372 2748 l'abbayc
383 2703 427 2737 de
438 2703 715 2738 saint-Germe}-
725 2704 735 2747 ζ
744 2704 978 2748 Flaviacum).
993 2703 1092 2737 Nous
1104 2712 1259 2747 pensons
1271 2712 1342 2747 que
1352 2699 1385 2733 lc
1397 2699 1565 2733 domnine

158 2758 201 2793 dc
220 2759 375 2807 l’abbayc
394 2763 437 2797 dr
457 2764 686 2798 Saint-Oucn
704 2763 786 2797 dom
812 2764 836 2798 il
856 2764 952 2810 s'agi!
978 2762 1020 2796 ici
1038 2762 1124 2795 &tait
1147 2760 1178 2795 lc
1198 2761 1344 2806 prieur&
1365 2759 1409 2793 dc
1431 2760 1541 2794 Gani.
