1951 3194
111 249 245 298 [1050]
598 249 747 288 LIBER
776 247 1007 286 TERTIUS.
1454 243 1497 280 41

108 325 357 372 Elinancio
391 336 660 390 peremptus
692 338 783 383 est,
822 337 867 373 et
897 325 1158 373 Rodbertus
1191 324 1237 369 in
1272 321 1504 367 intestinis

108 399 276 446 lethale
299 400 468 446 vulnus
492 403 708 465 suscepit.
736 401 848 448 Inde
870 413 1081 449 revectus
1107 398 1257 446 tribus
1280 396 1504 460 septima-

109 476 181 521 nis
204 477 487 539 supervixit,
528 487 798 541 terramque
832 494 960 523 suam
994 477 1100 523 filiis
1126 476 1217 523 suis
1245 471 1434 537 Hugoni
1460 481 1506 516 et

109 551 354 599 Rodberto
377 553 551 600 divisit.
579 554 759 600 Deinde
783 561 882 600 Χινο
900 555 993 600 kal.
1016 554 1121 618 julii
1141 552 1388 600 defunctus
1409 558 1502 602 est,

109 640 155 675 et
177 647 305 677 secus
329 631 568 677 ecclesiam
589 640 760 677 sanctae
783 631 942 676 Mariae
967 632 1089 694 apud
1118 630 1408 676 Nuceretum
1433 642 1507 671 se-

109 707 268 769 pultus
302 718 369 755 est
402 709 490 771 (1).
528 708 640 755 Inde
675 707 942 755 Rodbertus
976 707 1099 754 filius
1133 709 1227 770 ejus
1263 711 1507 769 permotus

110 795 201 839 est,
230 795 274 830 et
305 785 486 831 meliori
518 785 685 831 militia
715 785 920 832 exerceri
947 785 1074 830 nisus
1104 794 1188 830 est.
1219 779 1508 828 Coenobium

111 862 265 925 itaque
291 862 338 907 in
367 862 562 926 praefata
587 863 695 908 villa
727 864 877 927 (sicut
900 863 1007 909 satis
1037 880 1175 926 supra
1203 860 1383 906 dictum
1414 857 1507 916 est)

108 953 198 1000 pro
229 937 374 984 salute
408 956 486 984 sua
520 956 808 1004 suorumque
840 939 1003 985 statuit
1037 947 1336 991 construere,
1374 933 1509 996 eique

110 1024 260 1061 totam
281 1026 463 1078 partem
486 1017 761 1080 patrimonii
787 1018 882 1075 sui,
906 1018 1105 1081 Hugone
1125 1015 1271 1061 fratre
1290 1029 1374 1058 suo
1399 1027 1512 1057 con—

109 1092 366 1150 sentiente,
388 1093 648 1140 liberaliter
668 1094 964 1142 submittere.
993 1093 1081 1141 Sed
1104 1102 1289 1138 mutato
1312 1087 1510 1134 consilio

108 1184 194 1230 per
216 1169 528 1215 Willermum
547 1170 708 1218 Geroii
730 1172 1014 1218 avunculum
1037 1188 1199 1225 suum,
1226 1168 1352 1213 facto
1374 1180 1513 1228 gene-

110 1245 195 1290 rali
233 1255 540 1303 testamento,
578 1266 686 1294 cum
722 1250 921 1313 Hugone
951 1248 1098 1294 fratre
1129 1262 1238 1302 suo,
1279 1243 1336 1289 de
1374 1239 1513 1288 rebus

112 1338 225 1383 quas
254 1339 391 1386 supra
419 1325 805 1381 memoravimus,
838 1325 968 1371 venit
998 1324 1219 1379 Uticum3
1255 1319 1413 1384 ibique
1440 1333 1514 1362 se-

116 1397 323 1442 eundum
347 1400 556 1462 regulam
575 1402 721 1447 sancti
740 1402 981 1448 Benedicti
1003 1401 1169 1448 devote
1192 1398 1427 1463 professus
1447 1404 1515 1440 est

116 1473 465 1521 monachatum.
494 1477 669 1524 Multos
692 1477 874 1524 labores
894 1495 984 1541 pro
1003 1477 1318 1523 subventione
1340 1487 1513 1536 paupe»

116 1549 180 1594 ris
200 1549 403 1597 ecclesiae
423 1553 667 1610 sustinuit,
690 1572 896 1619 opesque
917 1565 1170 1618 parentum
1189 1567 1407 1605 suorum,
1435 1547 1515 1611 qui

116 1624 290 1671 divitiis
319 1626 646 1686 abundabant,
683 1631 925 1677 multoties
958 1630 1141 1694 rapuit,
1175 1638 1223 1674 et
1252 1644 1341 1691 pro
1372 1624 1517 1670 salute

118 1718 284 1747 eorum
302 1702 359 1748 ad
383 1703 584 1750 subsidia
614 1705 825 1753 fidelium
850 1708 1090 1753 caritative
1109 1702 1368 1751 distribuit.
1391 1699 1518 1745 Had—

120 1779 227 1824 visae
248 1797 450 1845 namque
466 1784 605 1828 matri
626 1801 719 1830 suae
736 1784 853 1830 datis
872 1802 931 1830 Lx
955 1784 1088 1830 libris
1118 1779 1485 1828 Rodomensium
1504 1812 1514 1830 ‚

120 1853 357 1919 subripuit
386 1859 663 1924 mariagium
694 1879 855 1918 suum,
891 1861 980 1908 hoc
1013 1873 1081 1908 est
1102 1861 1230 1906 Noer
1259 1854 1516 1910 Mainardi,

122 1931 266 1978 Vetus
304 1935 521 1992 Maisnil,
564 1938 808 1984 Tanesiam
846 1950 892 1984 et
932 1939 1115 1984 Maisnil
1161 1935 1291 1982 Dode
1329 1934 1432 1997 (2),
1475 1941 1520 1976 ct

122 2009 332 2056 Uticensi
362 2012 554 2059 tradidit
577 2015 799 2062 ecclesiae.
829 2017 965 2062 Tunc
993 2016 1135 2062 etiam
1159 2029 1382 2077 magnum
1405 2008 1522 2073 psal-

123 2088 294 2133 terium
335 2090 472 2134 variis
505 2092 702 2154 picturis
743 2093 1016 2140 decoratum
1057 2093 1185 2139 dono
1226 2089 1388 2136 matris
1427 2104 1520 2132 suae

123 2164 420 2211 Uticensibus
441 2169 668 2226 contulit;
697 2170 824 2235 quod
850 2189 996 2235 usque
1016 2169 1154 2217 hodie
1178 2166 1521 2215 monachorum

124 2242 290 2288 concio
321 2244 590 2306 psalmodiis
624 2247 803 2293 intenta
834 2247 1108 2313 frequenter
1137 2246 1194 2292 ad
1225 2245 1408 2291 laudem
1439 2243 1520 2287 Dei

126 2320 342 2366 revolvit.
372 2322 472 2368 Hoc
501 2325 723 2372 volumen
755 2327 922 2372 Emma
957 2328 1130 2389 conjux
1154 2320 1522 2383 Edelredissregis

125 2395 388 2459 Anglorum
429 2400 671 2449 Rodberto
715 2403 1130 2467 Rotomagensium
1172 2399 1524 2461 archiepiscopo

173 2608 221 2651 (ι)
255 2607 375 2652 Yoyez
403 2607 573 2641 ci-‹lessus
601 2616 626 2643 t.
658 2622 682 2652 ι,
710 2623 743 2656 1).
770 2612 844 2653 181,
863 2622 901 2644 ee
917 2623 987 2656 quc
1008 2622 1098 2643 nous
1116 2619 1223 2641 avons
1243 2606 1295 2639 dit
1314 2605 1362 2639 du
1382 2603 1521 2638 coniliat

130 2665 216 2698 dans
237 2665 352 2712 lequel
373 2666 511 2700 Robort
531 2666 574 2701 (le
590 2667 860 2702 Grcnteniesnil
879 2668 933 2701 sut
953 2668 1066 2701 blesse
1086 2669 1103 2700 ἐι
1125 2672 1233 2699 mort.

176 2727 223 2769 (Ἃ)
244 2726 288 2758 ¹¹¹²
309 2726 619 2771 Noyvr-Monai-d,
639 2727 926 2769 Yicux-Mesuil7
952 2727 983 2761 la
1004 2726 1190 2769 Tanaisio,
1212 2725 1243 2758 lc
1262 2720 1523 2759 Mcsnil-Dode.
