1951 3194
418 231 494 268 :334
780 230 1021 268 HISTORIA
1053 230 1450 271 ECCLESIASTICA.
1554 234 1820 284 [1077-1078]

420 312 470 355 in
500 320 642 374 prato
676 319 954 372 pascentem
978 309 1360 370 ferocissimum.
1407 310 1626 375 Undique
1665 311 1822 357 stabat

418 386 671 432 multitudo
713 396 1061 442 armentorum,
1101 403 1208 449 quce
1245 387 1388 432 nimis
1425 389 1823 454 concupiscebant

416 464 674 529 depascere
691 473 889 527 pratum
899 484 918 518 ;
946 463 1035 509 sed
1062 467 1224 510 omnia
1237 463 1464 526 fervidus
1493 467 1684 530 sonipes
1711 465 1822 512 abi-

412 541 583 605 gebat,
613 558 699 587 nec
724 541 930 605 aliquod
949 541 1137 588 animal
1167 541 1281 588 illuc
1314 543 1506 588 introire
1529 542 1737 599 sinebat,
1773 552 1824 588 ut

399 618 557 681 flores
583 616 852 682 decerperet
873 617 952 663 vel
969 619 1198 682 gramina
1221 617 1541 664 conculcaret.
1571 618 1702 664 Prolz
1731 618 1826 665 do-

417 695 515 742 lor!
534 695 729 759 elegans
745 706 789 741 et
789 696 943 758 fortis
963 697 1181 761 cornipes
1198 696 1353 742 subito
1373 695 1596 759 deficiens
1615 697 1820 754 evanuit,

416 784 459 818 et
482 772 732 818 lasciviens
754 790 911 818 vacca
937 772 1132 818 tutelam
1152 775 1293 837 prati
1305 772 1533 835 florentis
1567 771 1638 817 ad
1668 782 1826 818 custo-

416 849 649 896 <tiendum
671 851 894 913 suscepit.
923 850 1153 896 Protinus
1178 851 1332 896 omnis
1356 849 1642 895 animalium
1665 849 1827 894 multi-

418 930 530 974 tudo
555 928 964 973 circumstantium
989 926 1105 973 illuc
1125 927 1269 973 libere
1293 928 1524 984 accurrit,
1552 937 1595 972 et
1617 927 1827 990 undique

410 1017 605 1069 pratum
636 1004 927 1069 depascens,
968 1021 1152 1049 omnem
1188 1004 1294 1067 ejus
1324 1004 1577 1067 pristinum
1613 1002 1826 1049 decorem

418 1082 598 1145 absque
638 1091 761 1126 metu
801 1079 1067 1142 defensoris
1100 1079 1365 1137 devoravit,
1397 1080 1607 1145 pedibus
1639 1081 1827 1145 passim

419 1157 736 1214 conculcavit,
760 1165 804 1201 et
825 1157 1044 1202 stercoris
1064 1156 1275 1220 proluvie
1295 1156 1680 1203 commaculavit.
1703 1156 1828 1202 Hoec

416 1236 587 1281 videns
622 1233 878 1298 obstupui,
921 1244 963 1279 et
997 1251 1029 1279 a
1064 1233 1258 1280 ductore
1295 1251 1424 1291 meo,
1466 1235 1550 1297 qui
1577 1233 1681 1280 lzoec
1707 1233 1829 1279 milti

417 1311 713 1368 ostendebat,
728 1310 848 1375 quid
864 1311 1194 1376 significarent
1211 1312 1450 1376 inquisivi.
1471 1311 1539 1356 At
1558 1311 1639 1357 ille
1654 1322 1828 1357 cuncta

417 1391 674 1454 diligenter
688 1406 946 1454 exponens,
964 1390 1091 1435 dixit
1104 1390 1224 1435 milii
1240 1409 1250 1435 .·
1272 1410 1295 1434 «
1309 1391 1513 1437 Pratum
1527 1389 1660 1453 quod
1672 1389 1823 1447 vides,

419 1488 443 1512 «
463 1466 710 1532 significat
723 1466 1104 1523 Normanniam,
1124 1478 1167 1513 et
1186 1466 1341 1513 lzerboe
1359 1466 1709 1513 multitudinem
1722 1467 1826 1532 ple-

420 1566 442 1589 «
467 1545 537 1590 bis
576 1545 625 1589 in
659 1560 717 1589 ea
735 1560 915 1608 pacem
948 1543 1165 1589 habentis
1203 1555 1245 1589 et
1275 1561 1428 1589 rerum
1461 1543 1824 1589 abundantiam.

421 1644 442 1665 «
466 1622 634 1667 Florcs
657 1631 816 1666 autem
831 1631 940 1666 sunt
959 1621 1195 1677 ecclesiae,
1218 1620 1301 1666 ubi
1316 1620 1659 1667 monachorum
1682 1631 1725 1666 et
1743 1620 1829 1666 cle-

421 1721 442 1744 «
467 1701 689 1756 ricorum,
709 1698 1245 1761 sanctimonialiumque
1260 1709 1369 1743 sunt
1386 1697 1595 1743 colzortes
1603 1697 1823 1762 pudicce,

422 1799 443 1821 «
469 1774 731 1836 ubifideles
748 1778 925 1820 anima>
950 1775 1270 1821 indesinenter
1291 1774 1520 1820 inlicerent
1528 1774 1676 1839 fideli
1697 1774 1825 1821 tlzeo-

421 1876 443 1898 «
466 1856 566 1901 rice.
597 1855 746 1899 Porro
771 1853 960 1916 effrenis
989 1852 1207 1898 caballus
1233 1851 1494 1917 prcetendit
1520 1851 1826 1898 Guillelmum

420 1955 441 1977 «
465 1950 621 1997 regem
635 1932 684 1977 A
685 1930 920 1993 nglorum,
937 1929 1022 1976 sub
1038 1930 1179 1994 cujus
1193 1927 1465 1992 defensione
1475 1946 1613 1975 sacer
1621 1928 1737 1975 ordo
1751 1928 1828 1975 de-

420 2034 440 2055 «
467 2022 674 2059 votorum
698 2026 860 2055 secure
882 2008 1058 2054 militat
1079 2010 1182 2072 regi
1205 2008 1502 2072 angelorum.
1531 2006 1695 2054 Avida
1711 2024 1825 2054 vero

421 2109 443 2131 «
467 2086 722 2142 animalia,
741 2103 848 2148 quoe
864 2086 1193 2143 circumstant,
1212 2095 1321 2130 sunt
1334 2084 1519 2129 Franci
1530 2093 1574 2128 et
1586 2083 1824 2140 Britones,

422 2187 442 2210 a.
469 2165 654 2211 Morini
669 2175 712 2208 et
739 2162 1113 2226 Andegavenses
1126 2200 1141 2220 ,
1169 2163 1374 2226 aliaeque
1395 2172 1558 2226 gentes
1584 2161 1828 2207 collimita-

423 2265 444 2287 α
469 2260 595 2300 neae,
624 2259 731 2306 qucc
760 2242 902 2287 nimis
928 2242 1135 2289 invident
1149 2239 1386 2305 felicitati
1407 2240 1754 2294 Normannioe,
1785 2250 1828 2285 et

422 2342 443 2365 «
462 2331 654 2387 parata?
674 2330 799 2376 sunt,
825 2319 951 2365 velut
975 2318 1415 2384 lupiadpra’dam,
1437 2318 1678 2383 opesejus
1703 2318 1827 2362 inva-

423 2421 444 2442 «
469 2399 601 2454 dere,
622 2397 709 2444 sed
724 2397 974 2443 Guillelmi
988 2399 1112 2460 regis
1121 2398 1316 2462 penitus
1332 2395 1624 2461 repelluntur
1632 2396 1828 2440 invinci-

424 2497 447 2520 «
469 2476 554 2522 bili
561 2473 868 2535 fortitudine.
895 2475 1075 2519 Verum
1094 2486 1350 2538 postquam
1374 2474 1474 2537 ipse
1494 2469 1718 2536 dffecerit
1731 2487 1826 2531 pro

425 2573 446 2595 «
470 2553 683 2598 humana
700 2550 988 2608 conditione,
1006 2551 1273 2597 Rodbertus
1281 2550 1419 2615 filius
1438 2552 1537 2614 ejus
1551 2550 1596 2594 ei
1607 2546 1827 2594 succedet

425 2649 445 2671 «
471 2632 517 2673 in
538 2628 716 2674 ducatu
734 2628 1064 2675 Dbrmannioe.
1088 2630 1214 2674 2³*on
1231 2628 1440 2691 undique
1455 2626 1603 2672 lzostes
1617 2641 1719 2670 eam
1740 2626 1825 2669 cir—

425 2707 788 2761 «cumulabunt,
820 2719 861 2751 et
893 2719 1040 2752 tutore
1072 2707 1208 2771 lapso
1242 2705 1443 2751 nobilem
1477 2715 1518 2749 et
1552 2701 1824 2767 opulentam
