1951 3194
157 234 294 282 [1071]
643 231 798 269 LIBER
827 230 1082 279 QUARTUS.
1494 234 1567 270 221

155 311 341 366 batum,
377 309 593 375 filiosque
631 312 728 374 ejus
757 310 1013 374 Rogerium
1045 318 1092 355 et
1131 307 1431 356 Rodbertum
1466 311 1569 373 (1),

156 389 364 453 aliosque
401 387 558 434 fideles
573 423 585 445 ,
624 387 1003 450 fortissimosque
1039 386 1167 432 viros
1203 386 1449 432 comitatui
1488 404 1575 434 suo

155 465 394 530 praefecit,
418 482 626 529 quorum
649 482 786 511 sensu
807 475 853 510 et
871 464 1052 510 viribus
1072 463 1344 528 benigniter
1362 465 1572 528 adjutus,

158 545 283 590 inter
307 544 536 589 maximos
559 544 809 608 optimates
834 542 1036 587 maxime
1060 542 1283 589 effloruit.

224 622 323 668 Rex
341 620 623 666 Guillelmus
647 618 875 666 Guallevo
894 619 1056 664 comiti
1076 618 1176 667 filio
1196 620 1378 666 Sivardi
1397 631 1577 684 poten-

160 698 341 744 tissimo
358 696 624 760 Anglorum
645 695 925 742 comitatum
945 693 1332 742 Northamtoniae
1347 697 1476 743 dedit
1489 700 1575 761 (2),

159 775 297 838 eique
316 773 479 820 Judith
503 783 694 836 neptem
714 790 844 818 suam
865 772 957 834 (ὅ),
981 782 1036 817 ut
1059 771 1193 818 firma
1221 773 1346 819 inter
1366 791 1443 820 eos
1461 776 1578 821 ami—

160 852 268 897 citia
293 850 597 915 perduraret,
626 850 674 895 in
700 849 1009 896 matrimonio
1031 850 1306 912 conjunxit3
1334 868 1441 916 quae
1466 851 1579 898 duas

160 929 278 975 filias
302 928 529 993 speciosas
559 928 733 974 marito
760 945 845 974 suo
874 927 1075 991 peperit.
1109 927 1354 976 Gualterio
1386 947 1579 995 quoque

161 1015 484 1071 cognomento
508 1004 705 1051 Gifardo
725 1005 796 1069 (4)
821 1005 1100 1051 comitatum
1125 1004 1505 1071 Buchingeham‚
1534 1017 1581 1054 et

161 1083 419 1131 Guillelmo
462 1083 518 1130 de
560 1084 811 1130 Guarenna
827 1119 841 1140 ‚
887 1083 968 1147 qui
1019 1081 1325 1130 Gundredam
1365 1101 1578 1132 sororem

162 1162 406 1209 Gherhodi
450 1163 700 1226 conjugem
740 1160 967 1218 habehat,
1010 1159 1140 1207 dedit
1188 1161 1455 1227 Sutregiam
1491 1163 1578 1226 (5).

162 1239 316 1285 Odoni
333 1257 444 1286 vero
461 1238 788 1302 Campaniensi
805 1239 890 1300 (6),
910 1237 1073 1301 nepoti
1092 1236 1355 1284 Theobaldi
1372 1240 1579 1297 comitis,

162 1317 243 1381 qui
263 1333 476 1363 sororem
494 1313 695 1362 habebat
710 1314 913 1378 ejusdem
933 1316 1054 1379 regis
1074 1335 1084 1360 :
1109 1314 1254 1361 filiam
1267 1315 1446 1363 scilicet
1461 1316 1584 1363 Rod-

161 1392 284 1441 berti
305 1393 434 1439 ducis
455 1393 547 1457 (7),
570 1392 700 1439 dedit
717 1392 840 1439 idem
856 1393 1137 1438 comitatum
1156 1392 1468 1440 Hildernessae
1484 1395 1554 1457 (8)
1567 1430 1581 1451 ‚

165 1483 210 1519 et
228 1472 432 1519 Radulfo
450 1472 506 1520 de
526 1471 713 1518 Gnader
730 1472 796 1536 (9)
817 1488 993 1537 genero
1012 1470 1254 1518 Guillelmi
1276 1471 1361 1517 filii
1382 1471 1584 1519 Osberni

213 1712 265 1754 (ι)
293 1709 354 1745 On
382 1716 508 1743 trouve
533 1708 622 1743 dans
646 1708 680 1742 le
710 1707 926 1755 Domesday
954 1707 1058 1743 Book
1083 1708 1207 1756 Roger
1231 1709 1369 1744 Corbet
1393 1711 1511 1757 parmi
1537 1709 1588 1745 les

167 1769 472 1804 arriere-tenants
491 1767 542 1802 du
561 1767 795 1814 Shropshire.

213 1836 262 1881 (2)
289 1834 502 1870 Guillaume
516 1846 562 1868 ne
577 1833 699 1868 donna
715 1846 777 1880 pas
791 1836 810 1868 ἐι
824 1833 1021 1868 Waltheof
1031 1833 1081 1868 les
1099 1836 1238 1869 comtes
1255 1834 1301 1869 de
1314 1835 1591 1884 Northampton

168 1901 205 1929 et
224 1893 269 1928 de
287 1892 553 1940 Huntingdon‚
575 1892 667 1927 dont
685 1905 725 1927 ce
746 1894 918 1940 seigneur
936 1892 1107 1938 jouissait
1126 1893 1188 1928 des
1208 1901 1315 1929 avant
1333 1895 1367 1930 la
1385 1897 1566 1943 conquete
1578 1926 1588 1942 ‚

169 1953 259 1988 mais
276 1953 301 1987 il
318 1953 369 1988 les
382 1953 432 1986 lui
453 1952 639 1987 confirma.

218 2020 269 2065 (3)
294 2020 386 2055 Fille
403 2020 449 2055 de
463 2033 498 2055 sa
515 2032 613 2054 soeur
628 2020 773 2054 uterine
790 2020 986 2063 Adela'i'de,
1008 2027 1184 2055 comtesse
1202 2021 1404 2057 d’Aumale.

215 2090 267 2136 (4)
293 2089 450 2124 Gautier
466 2088 629 2132 Giffard,
661 2089 833 2136 seigneur
848 2089 894 2124 de
913 2089 1149 2136 Longueville
1163 2118 1172 2134 ‚
1194 2092 1277 2138 pres
1303 2091 1458 2139 Dieppe.
1480 2114 1519 2118 -
1545 2094 1593 2128 Le

171 2150 291 2184 comte
304 2148 351 2184 de
371 2148 638 2195 Buckingham.
1282 2148 1285 2151 ⁷

218 2217 267 2263 (5)
293 2217 504 2253 Guillaume
519 2217 563 2251 de
581 2217 766 2253 Varenne.
790 2238 828 2242 —v
850 2218 898 2252 Le
918 2220 1038 2252 comte
1059 2217 1103 2252 de
1122 2218 1272 2265 Surrey.

219 2286 269 2331 (6)
295 2286 415 2320 Eudes
433 2286 477 2320 de
496 2286 755 2333 Champagne,
779 2286 832 2320 fils
856 2278 1047 2322 d'Etienne
1066 2288 1121 2331 II,
1148 2295 1267 2323 comte
1291 2288 1335 2323 de
1354 2289 1595 2336 Champagne

174 2344 391 2393 (1037-1047
410 2357 459 2379 ou
481 2346 604 2392 1048),
626 2353 662 2380 et
681 2358 794 2380 neveu
817 2346 862 2380 de
883 2346 1057 2381 Thibaud
1080 2348 1156 2391 III,
1178 2355 1296 2382 comte
1313 2347 1358 2382 de
1378 2347 1491 2392 Blois,
1512 2350 1594 2396 puis

175 2402 220 2437 de
238 2403 475 2450 Champagne
493 2411 530 2438 et
547 2404 592 2438 de
614 2404 707 2439 sslois
725 2403 970 2453 (1057-1089).

221 2472 271 2519 (7)
297 2472 411 2506 Notre
429 2479 559 2506 auteur
577 2481 736 2508 commet
759 2474 805 2507 ici
831 2486 903 2508 une
922 2487 1050 2508 erreur
1072 2486 1192 2521 grave.
1215 2475 1264 2508 La
1283 2482 1459 2510 comtesse
1479 2476 1595 2511 d'Au-

175 2529 269 2564 male
289 2530 376 2564 e'tait
395 2529 466 2563 fille
484 2529 678 2565 d’Herluin
697 2531 742 2565 de
757 2533 960 2566 Couteville
979 2540 1016 2567 et
1036 2545 1110 2567 non
1129 2532 1178 2566 du
1198 2532 1269 2566 duc
1287 2533 1440 2568 Robert.

228 2596 279 2641 (8)
307 2597 354 2631 Le
372 2596 610 2640 HolderneSS,
629 2598 865 2643 aujourd'hui
882 2600 1041 2646 compris
1060 2600 1149 2633 dans
1163 2599 1196 2634 le
1213 2601 1333 2634 comte
1352 2600 1501 2637 d‘York.

230 2667 281 2711 (9)
306 2664 425 2699 Raoul
452 2664 497 2698 de
521 2664 673 2699 Guader
693 2677 739 2698 ou
760 2665 804 2699 de
824 2666 916 2701 Gael
935 2666 1272 2713 (Ille-et-Vilaine).
1291 2689 1331 2693 —-
1349 2669 1397 2703 Le
1413 2672 1532 2705 comte
1551 2671 1596 2705 de

184 2723 349 2758 Norfolk.
