1951 3194
272 254 349 292 138
639 252 883 291 HISTORIA
913 250 1318 290 ECCLESIASTICA.
1448 254 1691 305 [977-1031]

270 330 578 378 invisibiliter
609 347 854 394 percussus
865 350 878 387 ;
912 331 1055 377 tertio
1079 340 1296 388 vexatus,
1324 331 1553 379 divinitus
1584 344 1694 379 tan-

271 409 380 456 dem
419 409 646 474 impulsus
683 409 895 466 corruit,
919 418 966 456 et
990 409 1228 473 sanguinis
1253 410 1503 474 coagulum
1529 410 1587 457 ab
1611 428 1694 457 ore

272 487 500 533 evomuit.
546 487 658 533 Post
694 486 885 531 missam
920 487 1053 550 jussu
1092 487 1326 550 Sigemani
1365 487 1526 534 aeditui
1566 487 1694 535 foras

271 573 537 627 asportatus
588 574 687 624 est,
739 575 786 611 et
832 565 882 610 in
921 565 1181 611 crastinum
1218 565 1399 611 meritis
1443 566 1491 611 S.
1524 565 1692 613 Judoci

269 659 432 687 sanam
459 652 669 689 mentem
693 642 889 706 recepit.
921 643 1024 690 Hoc
1055 653 1272 708 tempore
1295 643 1510 707 Hugonis
1533 644 1691 707 Magni

272 718 490 782 contigit.

336 795 513 843 Eadem
536 795 611 843 die
636 796 916 844 Ostrehildis
944 796 1117 843 mulier
1146 796 1365 861 quaedam
1398 795 1555 861 egredi
1586 807 1695 860 post

270 871 460 918 missam
482 872 539 920 de
562 872 754 920 basilica
779 872 1065 931 conabatur,
1089 873 1168 920 sed
1193 874 1255 918 ita
1278 874 1327 919 in
1352 873 1518 919 limine
1533 875 1693 937 januae

269 948 444 1013 pedum
463 952 559 1014 ejus
578 951 753 1015 plantae
773 950 1031 1007 haeserunt,
1051 961 1105 996 ut
1121 950 1391 997 nullatenus
1407 969 1430 996 a
1449 967 1694 1015 quoquam

269 1027 430 1075 divelli
458 1040 641 1093 posset,
674 1040 719 1077 et
743 1030 814 1076 nil
837 1029 975 1086 mali,
1003 1029 1093 1075 nisi
1118 1028 1249 1093 quod
1273 1047 1296 1074 a
1321 1027 1519 1093 genibus
1547 1046 1694 1093 usque

268 1105 478 1169 plantam
506 1107 635 1171 pedis
660 1108 864 1153 nimium
889 1107 1038 1171 frigus
1062 1106 1311 1153 sentiebat.
1337 1108 1392 1153 In
1414 1108 1621 1153 crastino
1647 1124 1693 1153 se

268 1184 369 1229 Deo
386 1193 432 1230 et
449 1184 496 1230 S.
511 1183 693 1232 Judoco
710 1185 931 1231 ancillam
949 1184 1158 1241 devovit,
1176 1184 1428 1248 statimque
1446 1194 1601 1230 sanata
1618 1184 1693 1248 pie

268 1270 378 1307 vota
404 1262 679 1325 complevit.

335 1339 374 1383 A
401 1339 646 1386 veracibus
679 1341 793 1386 viris
830 1340 1079 1387 Adelelmo
1114 1349 1161 1387 et
1193 1338 1418 1386 Richerio
1457 1338 1693 1386 monacho

270 1428 495 1464 narratur
525 1417 673 1483 quod,
711 1417 827 1464 dum
859 1437 883 1464 a
917 1416 1160 1482 Stephano
1190 1417 1406 1482 reliquiae
1441 1417 1489 1463 S.
1526 1415 1693 1463 Judoci

268 1513 359 1559 pro
379 1497 738 1544 constructione
755 1495 961 1542 basilicae
980 1495 1036 1541 ad
1055 1495 1397 1543 monasterium
1417 1495 1465 1540 S.
1485 1493 1694 1540 Richarii

269 1571 592 1630 deferrentur,
609 1573 788 1638 inclyta
801 1572 1070 1620 Bertsendis
1078 1576 1176 1638 jam
1191 1571 1368 1619 nubilis
1379 1571 1473 1618 filia
1487 1571 1694 1618 Alsindis

268 1651 486 1716 passione
507 1669 680 1698 renum
702 1670 850 1716 usque
866 1652 923 1698 ad
936 1652 1075 1716 pedes
1094 1670 1179 1716 per
1202 1651 1452 1699 biennium
1468 1651 1610 1697 nimis
1625 1660 1693 1697 est

269 1740 589 1794 praegravata,
628 1730 690 1776 ita
722 1740 775 1776 ut
808 1748 1043 1795 nusquam
1077 1731 1171 1788 ire,
1201 1748 1288 1777 nec
1321 1731 1464 1777 etiam
1499 1745 1693 1776 movere

272 1807 372 1853 sine
393 1805 553 1871 bajulo
578 1825 674 1855 sese
696 1818 870 1872 posset.
895 1809 1011 1854 Fusa
1031 1825 1144 1855 vero
1163 1825 1301 1872 prece
1325 1825 1432 1886 cum
1454 1805 1545 1853 fide
1561 1825 1585 1852 a
1603 1824 1696 1851 ma-

272 1894 346 1931 tre
377 1897 423 1931 et
455 1885 548 1931 filia
572 1896 683 1932 ante
707 1886 929 1951 reliquias
954 1887 1002 1932 S.
1030 1886 1325 1934 confessoris
1342 1921 1355 1942 ,
1391 1903 1513 1950 aegra
1538 1896 1695 1931 sanata

271 1973 365 2021 est,
392 1973 440 2010 et
462 1974 613 2010 mater
637 1964 734 2010 visa
758 1963 868 2010 filiae
897 1964 1120 2029 sospitate
1143 1964 1399 2011 admodum
1424 1965 1578 2029 gavisa
1598 1973 1692 2020 est,

273 2050 321 2087 et
346 2042 543 2104 pallium
565 2043 829 2105 pretiosum
855 2043 1003 2089 veloci
1025 2042 1263 2090 archiatro
1286 2043 1451 2107 largita
1476 2053 1562 2088 est.

339 2117 611 2165 Rodbertus
633 2119 846 2183 quidam,
872 2119 986 2166 dum
1013 2120 1210 2167 meridie
1234 2121 1360 2168 solus
1380 2121 1469 2167 iter
1492 2120 1691 2175 faceret,

274 2196 374 2244 viso
399 2196 570 2259 spiritu
595 2197 771 2243 erroris
799 2197 849 2243 in
870 2198 1023 2261 specie
1047 2197 1255 2244 hominis
1284 2197 1473 2260 penitus
1497 2206 1696 2242 caecatus

275 2286 361 2322 est.
389 2275 481 2335 Qui
506 2287 615 2339 post
638 2276 836 2341 longum
861 2287 1046 2340 tempus
1072 2276 1116 2321 S.
1140 2274 1376 2321 Judocum
1397 2275 1620 2338 expetiit,
1651 2285 1698 2321 et

273 2373 322 2402 se
353 2372 514 2402 coram
533 2354 746 2401 Widone
776 2354 944 2402 abbate
976 2371 1164 2402 servum
1199 2352 1487 2401 contradidit
1498 2372 1512 2410 ;
1550 2354 1698 2399 inun-

277 2432 419 2479 dante
441 2431 500 2479 ab
525 2433 675 2480 oculis
698 2435 794 2497 ejus
819 2433 1047 2498 sanguine
1066 2432 1167 2496 ipso
1192 2432 1267 2479 die
1294 2432 1457 2478 lumen
1484 2431 1663 2493 recepit
1679 2464 1693 2484 ,

279 2521 327 2556 et
341 2510 399 2557 ad
415 2528 628 2575 vesperas
644 2510 904 2559 monachos
919 2511 968 2557 in
983 2510 1183 2557 scamnis
1198 2510 1453 2557 residentes
1471 2526 1516 2556 se
1530 2506 1697 2554 vidisse

280 2589 435 2652 palam
458 2590 672 2637 asseruit.

350 2665 542 2715 Gunzso
574 2668 894 2716 Lothariensis
925 2667 1174 2733 presbyter
1207 2686 1289 2732 per
1324 2682 1387 2713 vll
1417 2665 1515 2711 fere
1548 2680 1696 2709 annos

282 2743 381 2789 dira
416 2763 644 2794 manuum
679 2758 725 2794 et
765 2747 938 2811 pedum
979 2747 1254 2794 infirmitate
1287 2743 1555 2792 debilitatus
1596 2751 1692 2799 est3
