1951 3194
80 251 354 299 [1079-1110]
575 245 729 284 LIBER
760 244 1001 292 QUINTUS.
1422 242 1500 280 315

76 346 160 392 per
186 337 336 374 totam
361 324 607 371 dioecesim
630 341 761 370 suam
780 323 944 370 festive
962 321 1188 368 celebrari
1217 320 1467 367 constituit
1482 354 1494 373 ,

80 416 126 453 et
144 404 350 471 generali
377 403 532 451 edicto
556 402 772 450 festivam
797 401 1051 447 stationem
1077 399 1134 446 ad
1153 398 1301 446 sancti
1329 397 1497 461 ponti-

77 482 176 529 ficis
198 498 370 546 corpus
396 491 527 528 extra
552 478 721 526 urbem
747 478 942 543 singulis
968 477 1105 523 annis
1131 476 1233 524 fieri
1260 474 1492 529 decrevit3

78 560 136 606 ad
159 578 303 625 quam
321 557 661 623 parrochianos
685 574 807 621 pene
829 573 995 603 omnes
1025 556 1223 603 monitis
1243 565 1289 602 et
1311 552 1497 600 absolu-

78 635 292 683 tionibus
310 645 452 700 atque
474 632 889 680 benedictionibus
915 633 1228 695 iiivitavit(1).
1251 629 1498 678 Monachis

79 725 126 761 et
157 713 364 771 clericis,
389 710 708 776 omnibusque
736 709 824 755 sibi
851 710 1071 774 subjectis
1100 721 1155 755 ut
1183 708 1332 754 dulcis
1363 716 1498 771 pater

79 791 327 838 blandiens
352 789 553 854 profuit.
581 788 773 834 Psalmis
797 798 844 834 et
869 787 1062 853 hymnis
1082 797 1129 833 et
1150 785 1344 832 canticis
1363 784 1499 848 spiri-

82 868 313 925 tualibus,
340 868 575 932 sacrisque
599 866 838 932 mysteriis
866 865 1191 912 indesinenter
1209 880 1305 910 sese
1323 862 1499 908 manci-

80 947 225 1010 pavit.
247 945 412 992 Omnis
425 944 483 990 ab
500 944 583 991 illo
600 943 728 990 fraus
747 954 794 990 et
810 942 1078 989 amaritudo
1093 941 1262 1006 procul
1279 939 1495 986 suerunt.

83 1023 280 1069 Nullum
300 1021 544 1088 quaerebat
559 1022 748 1080 laedere,
771 1021 850 1068 sed
869 1020 1136 1086 quibusque
1155 1016 1497 1084 indigentibus,

81 1111 227 1165 prout
249 1101 372 1147 ratio
396 1098 617 1164 jubebat,
647 1116 938 1145 succurrere.
977 1098 1157 1144 Cantor
1189 1095 1501 1161 peritissimus

82 1188 206 1235 crat,
231 1177 615 1241 aptissimamque
637 1175 694 1222 ad
715 1175 982 1223 canendum
1011 1192 1176 1223 vocem
1202 1171 1420 1220 habebat.
1446 1172 1501 1217 In

82 1273 170 1301 usu
191 1255 502 1302 ecclesiastico
520 1254 790 1302 doctissime
814 1255 1074 1301 instructus
1094 1264 1194 1301 erat
1209 1289 1220 1309 ,
1248 1262 1295 1300 et
1315 1250 1371 1297 ad
1392 1268 1501 1315 pre-

83 1332 337 1378 dicandum
358 1332 563 1379 indoctis
584 1332 784 1379 verbum
803 1333 915 1389 Dei,
944 1332 1066 1379 clara
1087 1332 1350 1395 idoneaque
1374 1329 1504 1375 locu-

85 1410 216 1457 tione
243 1408 443 1474 vigebat.
469 1410 701 1456 Patientia
727 1420 773 1457 et
803 1409 1098 1474 benignitate
1121 1418 1318 1455 cunctos
1345 1423 1504 1453 secum.

85 1497 345 1535 coessentes
378 1486 641 1546 mulcebat,
672 1504 989 1551 magnamque
1023 1496 1209 1551 partem
1241 1485 1399 1532 oneris
1433 1483 1503 1529 sui

83 1564 270 1611 decanis
300 1575 348 1611 et
377 1563 802 1629 archipresbyteris
827 1565 927 1611 sine
955 1564 1130 1610 invidia
1155 1560 1471 1609 distribuebat
1487 1595 1500 1615 ‚

85 1642 334 1707 bonosque
382 1642 696 1690 nihilominus
744 1641 800 1688 ad
848 1641 1266 1707 participationem
1307 1637 1505 1686 honoris

88 1721 218 1769 avide
249 1720 517 1769 asciscebat.

151 1799 206 1846 V.
221 1799 400 1862 [1080]
417 1799 558 1846 Anno
573 1798 631 1843 ab
648 1798 977 1844 incarnatione
987 1797 1182 1845 Domini
1194 1806 1250 1842 Μ0
1262 1804 1411 1841 Lxxx⁰
1423 1811 1505 1841 rex

86 1875 371 1922 Guillelmus
401 1877 451 1922 in
479 1875 734 1923 festivitate
761 1877 1060 1922 Pentecostes
1089 1874 1213 1938 apud
1239 1872 1504 1920 Illebonam

87 1951 287 2009 resedit,
314 1952 477 2017 ibique
502 1952 809 1999 Guillelmum
836 1951 1246 2016 archiepiscopum
1271 1961 1317 1998 et
1341 1967 1507 1998 omnes

88 2030 332 2093 episcopos
352 2039 398 2075 et
416 2028 631 2086 abbates,
654 2029 945 2093 comitesque
974 2047 1083 2074 cum
1102 2029 1202 2075 aliis
1226 2026 1505 2092 proceribus

89 2107 400 2154 Normanniae
420 2107 559 2153 simul
589 2107 743 2154 adesse
767 2108 1010 2172 praecepit..
1037 2108 1104 2154 Ut
1119 2125 1201 2155 rex
1220 2109 1384 2171 Jussit,
1406 2106 1508 2152 fac—

90 2195 193 2231 tum
217 2196 302 2232 est.
339 2186 489 2250 Igitur
513 2196 680 2232 octavo
705 2203 832 2233 anno
858 2196 1052 2250 papatus
1076 2185 1259 2232 domini
1287 2184 1506 2249 Gregorii

90 2281 223 2326 papae
254 2264 441 2326 septimi
478 2262 659 2310 celebre
692 2264 949 2311 concilium
978 2264 1101 2329 apud
1132 2263 1508 2310 Juliam-Bonam

90 2340 378 2388 celebratum
410 2353 505 2398 est,
543 2352 590 2388 et
621 2342 678 2388 de
710 2352 833 2388 statu
865 2342 1090 2389 Ecclesiae
1116 2342 1228 2398 Dei,
1265 2341 1508 2405 totiusque

87 2419 220 2484 regni
235 2455 248 2478 ‚
266 2418 563 2482 providentia
580 2421 701 2485 regis
717 2438 824 2466 cum
840 2419 1077 2467 baronum
1092 2435 1285 2466 suorum
1309 2417 1508 2465 consilio

136 2635 186 2678 (1)
210 2634 317 2669 Cette
336 2634 544 2680 processior}
570 2632 632 2667 des
659 2632 818 2679 reliques
838 2632 883 2667 dc
904 2634 998 2667 saint
1017 2632 1174 2666 Romaiu
1198 2637 1252 2665 est
1269 2629 1439 2676 l’origine
1463 2628 1508 2663 dc

91 2691 123 2725 la
142 2693 282 2727 celebre
303 2693 394 2727 foire
410 2693 456 2727 dc
480 2692 759 2727 Saint—Romain
779 2704 827 2726 ou
846 2692 895 2726 (lu
916 2692 1077 2734 Pardon,
1096 2691 1187 2726 dont
1211 2690 1432 2725 l'ouverture
1452 2689 1508 2723 n'a

92 2763 153 2796 pas
174 2754 267 2786 cessas}
289 2752 331 2785 d«¹
354 2759 465 2786 usim*
488 2752 575 2786 fixec
593 2764 635 2785 au
657 2750 699 2786 ‘23
717 2751 875 2785 octobre.
