1951 3194
316 277 365 313 os
684 275 920 313 HISTORIA
953 274 1351 313 ΕεριΕὸιΑδΤΙοΑ.
1456 278 1723 327 [1058—1059]

316 357 406 402 tati
412 356 681 422 persolvam
715 354 1073 401 celebrationem
1090 355 1274 408 missam
1296 372 1381 401 vos
1402 367 1557 403 autem
1570 358 1722 421 juoeta

314 433 469 480 altare
507 450 771 497 congruam
810 432 856 477 ei
892 430 1188 496 sepulturam
1223 443 1516 496 praeparate.
1556 433 1619 478 At
1654 432 1721 479 illi

314 509 519 556 libenter
545 507 764 555 obediere
780 506 988 571 jubenti.
1025 507 1204 553 Deinde
1228 507 1363 553 missa
1390 508 1723 556 venerabiliter

312 587 445 634 finita
497 597 542 634 et
590 586 710 632 fossa
759 585 1010 650 diligenter
1057 596 1315 650 praeparata
1335 622 1347 643 ‚
1393 587 1724 633 tumulandum

312 682 484 728 corpus
507 665 607 710 sine
630 663 900 727 gravamine
923 663 1240 720 sustulerunt,
1266 673 1313 710 et
1337 681 1466 710 secus
1488 681 1617 709 aram
1638 663 1722 710 de·-

312 751 474 788 center
499 740 811 805 sepelierunt3
845 739 927 785 ubi
961 740 1266 804 postmodum
1300 741 1437 787 multi
1479 739 1721 794 febribus,

311 819 506 883 aliisque
550 817 864 866 incommodis
904 817 1171 864 laborantes
1211 818 1391 864 meritis
1432 820 1528 882 ejus
1577 818 1722 864 sanati

308 907 437 943 sunt.

372 975 616 1022 Uticenses
629 984 783 1021 autem
799 974 1016 1021 monachi
1024 1011 1036 1032 ,
1054 987 1303 1040 postquam
1316 973 1556 1022 reverendi
1573 975 1716 1037 patris

306 1052 494 1100 obitum
524 1053 677 1100 relatu
700 1053 938 1099 sociorum
964 1053 1168 1117 ejusdem
1200 1054 1544 1100 Normanniam
1575 1070 1717 1116 repe-

308 1131 514 1177 tentium
546 1141 901 1194 cognoverunt,
933 1130 1064 1177 valde
1097 1131 1363 1177 contristati
1395 1140 1531 1187 sunt,
1567 1140 1613 1176 et
1642 1129 1719 1176 de-

305 1206 463 1253 bitum
487 1225 576 1271 pro
600 1208 755 1253 anima
778 1209 874 1270 ejus
901 1208 1146 1253 servitium
1169 1208 1269 1254 Deo
1294 1208 1494 1254 fideliter
1522 1206 1718 1254 celebra-

305 1294 503 1340 verunt,
533 1295 579 1330 et
604 1284 885 1331 memoriam
910 1286 1006 1348 ejus
1029 1284 1225 1348 singulis
1250 1286 1385 1330 annis
1409 1302 1556 1349 usque
1580 1283 1718 1330 hodie

305 1361 397 1407 kal.
422 1361 602 1425 augusti
622 1360 871 1407 celebriter
887 1361 1155 1408 exsolvunt.
1183 1362 1414 1425 Religiosa
1437 1378 1630 1426 quoque
1654 1361 1721 1406 in-

307 1439 495 1495 stituta,
524 1456 630 1502 quae
666 1439 761 1502 ipse
785 1454 841 1483 ex
872 1437 1090 1484 doctrina
1120 1437 1464 1485 venerabilium
1494 1437 1719 1484 abbatum

310 1516 498 1562 Ricardi
523 1515 871 1563 Veredunensis
900 1525 946 1562 et
971 1516 1214 1562 Willermi
1248 1516 1546 1564 Divionensis
1578 1526 1720 1579 atque

309 1594 554 1642 Teoderici
576 1593 964 1640 Gemmetieensis
984 1594 1058 1657 (1)
1078 1593 1328 1650 didicerat,
1351 1604 1398 1641 et
1423 1593 1624 1640 novellae
1650 1609 1720 1639 ec-

310 1672 461 1719 clesiae
505 1671 591 1718 sibi
636 1672 897 1718 commissae
935 1670 1137 1718 fideliter
1178 1671 1457 1727 tradiderat,
1504 1670 1716 1734 diligenti

312 1750 469 1797 studi0
489 1767 634 1814 usque
653 1748 792 1796 hodie
816 1748 1095 1802 observant,
1121 1759 1168 1795 et
1188 1749 1380 1795 novitiis
1402 1748 1459 1794 ad
1478 1747 1721 1812 religionis

311 1828 719 1875 conversationem
744 1827 981 1873 conversis
1001 1826 1199 1873 solerter
1226 1827 1485 1873 insinuant.

375 1905 435 1951 V.
481 1904 623 1951 Anno
660 1903 718 1949 ab
757 1905 1083 1951 incarnati0ne
1128 1905 1321 1950 Domini
1359 1907 1516 1960 ML1x⁰‚
1565 1904 1720 1950 indic-

314 1985 444 2030 tione
476 1991 584 2041 Xua,
611 1983 855 2030 Uticenses
891 1982 1188 2029 Rodbertum
1218 1983 1275 2029 de
1305 1981 1722 2029 Grentemaisnilio

312 2061 399 2107 sibi
436 2061 680 2125 elegerunt
716 2059 962 2116 abbatem,
998 2058 1345 2106 rationabiliter
1374 2059 1721 2106 considerantes

315 2141 363 2186 in
388 2137 572 2203 praefati
592 2138 681 2183 viri
700 2137 930 2184 electione
953 2137 1285 2184 multimodam
1305 2135 1714 2191 commoditatem3

318 2228 411 2263 tam
430 2226 627 2280 propter
648 2217 744 2278 ejus
765 2214 937 2260 claram
955 2215 1342 2278 generositatem,
1361 2229 1504 2278 quam
1524 2223 1721 2276 propter

314 2294 561 2342 ardentem
583 2293 856 2339 monasticae
880 2293 945 2339 rei
971 2292 1377 2356 procurationem,
1403 2300 1449 2337 et
1469 2291 1517 2335 in
1533 2289 1721 2354 agendis

314 2371 454 2420 rebus
477 2370 724 2418 efficaciam
748 2380 794 2416 et
817 2370 1163 2416 strenuitatem.
1191 2370 1327 2414 Hunc
1356 2369 1512 2432 itaque
1535 2367 1720 2414 confir-

314 2460 443 2496 mato
467 2449 612 2494 totius
633 2446 1012 2510 congregationis
1032 2463 1261 2492 consensu
1279 2444 1462 2491 Ebroas
1481 2445 1500 2508 (
1507 2444 1556 2507 2)
1577 2443 1720 2489 duxe-

361 2599 412 2644 (1)
429 2598 475 2632 Le
496 2596 747 2632 bienheureux
758 2594 921 2630 Richard
941 2594 985 2629 de
1007 2593 1179 2637 Verdum
1200 2601 1297 2629 mort
1315 2594 1347 2629 le
1372 2592 1542 2640 14juillet
1562 2590 1648 2633 1046
1663 2605 1671 2633 ;
1687 2590 1719 2624 le

315 2657 565 2691 bienheureux
585 2655 795 2691 Guillaume
815 2655 859 2690 de
877 2654 986 2700 Dijon
999 2683 1007 2696 ‚
1038 2662 1134 2689 mort
1153 2654 1185 2689 le
1209 2660 1252 2689 ιετ
1266 2654 1405 2700 janviei·
1428 2651 1506 2687 1051
1524 2667 1532 2694 3
1550 2650 1715 2685 Tliierri„

319 2715 409 2749 abbe
429 2714 473 2749 de
486 2715 687 2761 Jumibges,
708 2721 804 2749 mort
819 2726 863 2749 en
885 2725 967 2761 1027
986 2725 1032 2747 ou
1058 2714 1153 2748 1028.

364 2774 411 2817 (9.)
432 2773 582 2807 Evreux.
