1951 3194
422 307 499 343 250
786 304 1027 344 HISTORIA
1058 304 1457 344 ECCLESIASTICA.
1557 311 1829 361 [1080-1125]

415 382 656 450 prafers?
684 385 877 430 Samson
903 383 1150 448 respondit
1174 405 1182 429 :
1217 384 1406 441 Etiam,
1438 386 1646 434 domine.
1683 389 1830 436 Hane

421 466 522 509 sine
547 463 694 509 dubio
704 461 925 526 fideliter
950 462 1118 526 effero,
1149 461 1275 509 hunc
1302 463 1420 509 mihi
1446 467 1630 529 meique
1653 466 1830 513 simili-

424 539 509 585 bus
525 540 640 604 jure
652 556 910 604 proepono.
937 539 1073 586 Mitis
1098 550 1167 585 est
1187 550 1230 585 et
1254 539 1510 604 benignus,
1538 541 1650 587 inde
1673 544 1830 608 magis

413 617 684 683 proesulata
714 617 908 681 dignus.
939 617 1036 663 Pro
1063 619 1218 664 macie
1250 621 1463 684 eorporis
1494 637 1591 667 non
1619 622 1680 667 sit
1713 639 1830 668 eon-

422 695 713 760 temptibilis.
745 696 955 742 Humilis
985 695 1176 743 liabitas
1199 697 1458 759 gratiorem
1481 715 1588 744 eam
1613 702 1831 764 assignat

422 772 739 837 sapientibus.
770 773 858 819 Ad
878 776 1115 820 exteriora
1136 784 1320 819 tantum
1342 792 1439 821 non
1460 776 1655 841 respicit
1671 777 1828 833 Deus,

421 851 510 897 sed
548 854 756 898 intuetur
792 869 850 897 ea
883 869 992 916 qaae
1027 851 1175 897 latent
1212 852 1510 899 intrinsecus.
1554 854 1653 899 Rex
1687 853 1832 918 igitur

420 928 658 992 prudens,
695 929 916 993 sapientis
952 928 1093 976 verba
1131 930 1313 976 intente
1348 930 1585 993 percepit,
1621 940 1667 976 et
1701 948 1832 995 saga-

420 1005 537 1051 citer
581 1006 848 1052 examinare
891 1006 1055 1069 coepit.
1095 1005 1294 1051 Diffusas
1330 1017 1486 1053 autem
1525 1007 1832 1071 cogitationes

421 1100 522 1128 suas
559 1083 607 1129 in
642 1100 690 1129 se
726 1100 937 1130 reversus
975 1082 1171 1128 rationis
1213 1083 1433 1146 ligamine
1470 1084 1695 1148 paulatim
1732 1102 1832 1131 res-

425 1159 616 1218 trinxit,
646 1160 1042 1223 nominatumque
1073 1158 1297 1205 clericum
1326 1160 1484 1205 statim
1513 1161 1568 1206 ad
1599 1179 1645 1207 se
1673 1178 1832 1207 accer-

421 1237 525 1296 siit,
554 1238 689 1302 eique
713 1255 876 1283 curam
900 1247 946 1284 et
967 1237 1188 1284 saeculare
1205 1239 1281 1301 jus
1307 1237 1707 1285 cenomannensis
1726 1239 1830 1302 epi-

420 1325 636 1379 scopatus
672 1316 926 1362 commisit.
962 1315 1214 1362 Decretum
1241 1316 1360 1380 regis
1386 1316 1513 1362 clero
1543 1316 1832 1363 insinuatum

420 1404 512 1450 est,
540 1404 587 1441 et
612 1395 797 1458 praefati
823 1394 981 1441 clerici
1006 1394 1148 1440 bonae
1173 1395 1284 1441 vitae
1317 1395 1643 1442 testimonium
1674 1393 1732 1440 ab
1762 1394 1832 1441 his

420 1473 500 1536 qui
526 1483 765 1520 noverunt
785 1473 1067 1520 ventilatum
1085 1484 1170 1519 est.
1196 1477 1285 1521 Pro
1310 1483 1403 1519 tam
1424 1491 1542 1537 pura
1562 1483 1608 1519 et
1629 1472 1830 1537 simplici

420 1550 651 1598 electione
686 1551 853 1598 devota
886 1550 982 1597 laus
1014 1569 1035 1596 a
1067 1549 1283 1598 fidelibus
1316 1551 1416 1598 Deo
1444 1550 1623 1598 reddita
1659 1560 1750 1607 est,
1787 1561 1833 1597 et

419 1627 594 1674 electus
621 1639 781 1691 pastor
813 1628 869 1674 ad
904 1628 1055 1674 caulas
1087 1628 1247 1674 ovium
1285 1646 1475 1674 suarum
1511 1627 1570 1674 ab
1603 1628 1834 1692 episcopis

420 1715 466 1750 et
489 1705 683 1769 reliquis
706 1706 948 1761 fidelibus,
971 1705 1144 1770 quibus
1169 1705 1257 1752 hoc
1279 1723 1301 1750 a
1326 1723 1433 1769 rege
1450 1707 1632 1769 jtlssnm
1651 1703 1829 1762 fuerat,

422 1782 684 1830 honorifice
709 1783 963 1848 perductus
983 1794 1067 1830 est.
1090 1783 1150 1828 At
1178 1783 1253 1829 ille
1281 1800 1379 1829 non
1405 1783 1563 1828 minus
1587 1782 1835 1847 obstupuit

423 1861 470 1906 in
494 1871 585 1906 tam
606 1860 758 1907 subita
781 1862 1086 1925 promotione
1106 1860 1162 1907 ad
1183 1861 1505 1924 praesulatum,
1521 1879 1664 1925 quam
1689 1861 1834 1907 David

422 1937 686 2001 reprobatis
705 1957 728 1983 a
748 1939 961 1985 Samuele
977 1938 1308 2002 primogenitis
1326 1937 1554 1984 fratribus
1576 1938 1624 1983 in
1644 1955 1834 2002 provec-

424 2016 553 2063 tione
577 2016 632 2062 ad
657 2035 874 2081 regnum.
903 2017 978 2063 Sic
1001 2016 1193 2064 Hoellus
1216 2016 1634 2063 Cenomannorum
1660 2016 1834 2080 praesul

421 2092 571 2138 factus
589 2103 683 2149 est,
708 2103 754 2139 et
777 2092 1037 2156 pontificali
1063 2103 1307 2140 stemmate
1326 2111 1410 2156 per
1426 2109 1489 2139 xv
1509 2110 1657 2139 annos
1676 2102 1834 2139 sancte

421 2171 699 2234 perfunctus
721 2181 806 2217 est.
829 2171 1156 2234 Episcopalem
1176 2170 1411 2216 basilicam
1430 2205 1441 2225 ‚
1469 2170 1516 2215 in
1542 2187 1631 2234 qua
1662 2186 1833 2233 corpus

422 2248 568 2294 sancti
587 2248 762 2294 Juliani
784 2248 1082 2303 confessoris,
1106 2249 1248 2312 primi
1269 2249 1690 2294 Cenomannorum
1708 2264 1833 2310 prae—

422 2327 533 2373 sulis
554 2327 825 2391 requiescit,
847 2337 895 2373 et
910 2326 996 2372 alia
1017 2326 1142 2374 bona
1165 2343 1305 2389 opera
1325 2324 1547 2370 Ecclesiae
1571 2325 1652 2370 Dei
1671 2342 1834 2371 neces—

423 2406 538 2451 saria
574 2405 777 2452 condere
811 2405 987 2469 coepit,
1019 2415 1066 2451 et
1098 2422 1186 2468 pro
1217 2404 1443 2467 temporis
1474 2403 1833 2467 opportunitate

411 2471 528 2547 *quae
572 2494 727 2548 coepta
772 2492 906 2531 erant
946 2482 1172 2547 perficere
1212 2482 1409 2527 studuit.
1453 2480 1560 2540 Quo
1605 2480 1832 2527 defuneto

423 2561 633 2624 egregius
672 2560 963 2607 versificator
1007 2559 1310 2606 Hildebertus
1358 2558 1578 2605 successit
1595 2594 1606 2612 ‚
1647 2568 1693 2603 et
1734 2555 1831 2603 fere

424 2653 518 2682 xxx
550 2638 685 2683 annis
716 2636 1022 2701 praesulatum
1056 2634 1352 2682 laudabiliter
1386 2635 1551 2681 tenuit.
1587 2632 1829 2678 Basilicam

427 2730 536 2759 vcro
571 2715 819 2778 episcopii,
855 2732 997 2778 quam
1022 2712 1335 2777 praedecessor
1368 2713 1463 2775 ejus
1502 2709 1825 2766 inchoaverat,

427 2791 772 2835 consummant,
789 2826 798 2844 ,
824 2802 996 2835 etcum
1019 2790 1195 2853 ingenti
1223 2788 1512 2851 populorum
1532 2785 1739 2848 tripudio
1760 2803 1830 2832 ve-
