1951 3194
409 264 485 301 ²288
775 264 1017 302 HISTORIA
1050 263 1451 303 ECCLESIASTICA.
1550 268 1583 314 [l
1599 270 1611 302 l
1626 269 1823 318 10-1125]

409 359 508 386 cam
539 340 846 405 pulcherrimi
883 342 1038 405 operis
1056 377 1067 397 ‚
1103 352 1149 388 et
1187 342 1272 387 alia
1309 342 1432 390 bona
1475 345 1825 409 quamplurima

401 422 499 483 jam
522 418 785 476 inchoavit,
810 430 857 466 et
875 437 960 483 per
981 438 1042 465 xv
1059 438 1207 467 annos
1224 420 1397 485 quibus
1416 422 1596 469 abbatis
1617 423 1824 470 officium

407 498 564 560 gessit,
582 496 638 542 ad
657 496 856 544 salutem
872 498 941 544 sui
957 496 1142 562 sibique
1156 498 1500 563 subjectorum,
1515 504 1709 564 juvante
1723 502 1823 549 Deo

409 592 738 622 consummare
760 576 958 622 studuit.

475 653 519 716 [1
540 671 552 698 1
573 653 669 717 12.]
695 655 845 717 Hujus
862 655 1105 719 regiminis
1121 673 1248 702 anno
1271 666 1344 701 111⁰
1372 656 1428 702 ad
1455 655 1668 702 tumbam
1690 656 1826 703 Gual-

407 732 496 778 levi
516 732 702 778 comitis
722 733 946 779 miracula
967 732 1283 780 demonstrari
1305 734 1528 798 primitus
1548 745 1819 798 coeperunt,

407 826 616 873 quorum
640 809 810 855 auditis
832 810 1106 857 rumoribus
1126 811 1265 875 Angli
1287 811 1419 858 valde
1440 812 1583 858 laetati
1612 822 1752 868 sunt;
1779 823 1825 859 et

407 885 619 949 Anglicae
649 885 809 950 plebes
837 885 894 932 ad
927 887 1167 933 tumulum
1196 889 1266 933 sui
1296 888 1651 951 compatriotae,
1682 906 1825 953 quem

406 980 429 1008 a
445 962 543 1009 Deo
557 964 654 1026 jam
674 962 927 1027 glorificari
954 964 1097 1028 signis
1119 964 1466 1028 multiplicibus
1486 964 1709 1020 audiunt,
1729 975 1825 1010 tam

407 1055 497 1101 pro
520 1038 692 1103 gaudio
716 1055 853 1084 novae
880 1039 946 1086 rei
973 1057 1115 1104 quam
1140 1057 1229 1104 pro
1250 1041 1342 1086 suis
1369 1039 1723 1087 necessitatibus
1745 1041 1824 1087 de-

407 1115 643 1178 precaturi
677 1114 956 1180 frequenter
987 1128 1261 1162 accurrunt.
1296 1117 1436 1176 Quod
1468 1127 1520 1162 ut
1550 1117 1740 1181 quidam
1768 1118 1825 1163 de

407 1192 698 1239 Normannis
733 1191 997 1240 monachus
1031 1194 1228 1240 nomine
1259 1193 1474 1240 Audinus
1505 1194 1650 1250 vidit,
1680 1194 1825 1241 vehe-

405 1281 593 1317 menter
626 1269 944 1317 stomachatus
977 1270 1281 1318 advenientes
1315 1271 1509 1328 derisit,
1548 1281 1594 1317 et
1625 1269 1826 1335 praefato

406 1347 570 1395 comiti
602 1364 712 1393 cum
745 1348 966 1395 irrisione
999 1348 1233 1404 detraxit,
1269 1348 1428 1395 dicens
1461 1347 1590 1413 quod
1622 1365 1826 1412 nequam

406 1425 609 1472 traditor
632 1425 776 1472 fuerit
791 1464 802 1485 ,
825 1436 870 1473 et
894 1443 984 1490 pro
1006 1438 1139 1473 reatu
1161 1444 1247 1474 suo
1270 1427 1433 1490 capitis
1457 1426 1828 1474 obtruncatione

406 1504 628 1550 mulctari
656 1505 903 1551 meruerit,
931 1505 1034 1551 Hoc
1062 1515 1116 1550 ut
1142 1504 1418 1552 Goisfredus
1449 1503 1590 1550 abbas
1621 1503 1823 1560 audivit,

404 1582 607 1628 dulciter
635 1600 744 1629 eum
770 1583 906 1647 (quia
932 1593 1181 1629 extraneus
1210 1583 1339 1644 erat.)
1370 1582 1636 1647 redarguit,
1666 1581 1825 1628 dicens

406 1661 536 1726 quod
555 1660 726 1706 divinis
742 1659 965 1723 operibus
983 1678 1079 1707 11011
1096 1660 1290 1707 deberet
1303 1660 1564 1716 detrahere,
1578 1659 1688 1724 quia
1699 1660 1825 1706 Deus

405 1739 645 1802 pollicitus
671 1748 738 1784 est
769 1755 917 1802 usque
941 1738 998 1784 ad
1023 1739 1483 1784 consummationem
1509 1737 1667 1783 saeculi
1695 1754 1824 1800 prae-

406 1816 605 1862 sentiam
644 1833 775 1861 suam
821 1815 1036 1862 fidelibus
1073 1816 1166 1860 suis
1199 1813 1421 1862 exhibere
1441 1850 1452 1870 ,
1495 1824 1541 1860 et
1582 1813 1824 1877 promittit

405 1910 460 1938 ex
494 1892 667 1938 intimo
696 1890 838 1938 corde
875 1890 1225 1955 poenitentibus
1254 1901 1418 1954 potare
1460 1890 1517 1936 de
1553 1889 1689 1937 fonte
1728 1907 1823 1935 suae

405 1968 709 2033 infatigabilis
729 1969 1084 2015 misericordiae.
1112 1969 1363 2025 Protinus,
1390 1968 1505 2014 dum
1528 1967 1650 2014 idem
1682 1965 1823 2013 abbas

403 2047 512 2093 talia
535 2045 736 2092 dicendo
761 2046 1076 2092 temeritatem
1105 2046 1370 2109 insipientis
1399 2061 1695 2109 compescere
1718 2043 1823 2090 vel-

406 2124 496 2183 let,
517 2135 563 2170 ct
588 2123 666 2170 ille
685 2127 831 2187 magis
851 2124 1093 2188 magisque
1117 2124 1380 2187 incongrua
1397 2122 1538 2169 verba
1560 2121 1820 2185 proferret,

406 2202 455 2247 in
491 2201 742 2265 praesentia
781 2219 903 2264 saepe
937 2201 1051 2247 dicti
1088 2202 1234 2265 patris
1270 2200 1422 2246 subita
1463 2199 1739 2246 infirmitate
1774 2199 1823 2244 111

404 2277 681 2342 praecordiis
700 2295 948 2341 percussus
969 2289 1065 2337 est,
1091 2289 1137 2325 et
1160 2288 1266 2342 post
1291 2294 1465 2340 paucos
1490 2276 1587 2323 dies
1610 2276 1659 2322 in
1681 2275 1824 2322 eccle·-

404 2358 468 2403 sia
491 2357 537 2402 S.
566 2354 738 2401 Albani
760 2357 1131 2421 protomartyris
1153 2355 1420 2420 Anglorum
1435 2391 1447 2411 ,
1470 2353 1553 2400 ubi
1572 2352 1824 2401 monachi—

407 2436 500 2482 lem
517 2434 862 2498 professionem
880 2434 1072 2490 fecerat,
1093 2435 1345 2482 defunctus
1360 2444 1445 2481 est.
1465 2432 1689 2497 Sequenti
1710 2449 1823 2479 vero

410 2525 549 2560 nocte
568 2511 845 2560 Goisfrcdus
869 2511 1010 2559 abbas
1034 2512 1148 2558 dum
1174 2514 1221 2558 in
1244 2513 1368 2559 lecto
1388 2512 1673 2575 quiesceret,
1701 2520 1748 2555 et
1766 2508 1822 2555 de

409 2590 687 2653 supradictis
708 2589 955 2636 eventibus
973 2591 1107 2654 plura
1129 2608 1286 2637 secum
1307 2588 1547 2636 subtiliter
1567 2597 1788 2633 tractaret
1805 2622 1818 2641 ,

410 2686 520 2714 mox
542 2670 588 2714 in
606 2670 706 2714 visu
721 2686 766 2715 se
780 2680 928 2715 astare
942 2669 1100 2716 loculo
1111 2669 1314 2716 Wallevi
1330 2668 1516 2715 comitis
1530 2665 1674 2721 videt,
1695 2681 1821 2709 sanc-

408 2757 573 2809 tosque
608 2746 688 2791 Dei
726 2746 1128 2793 Bartho'10maeum
1156 2746 1423 2811 apostolum
1454 2756 1498 2791 et
1530 2741 1820 2788 Guthlacum
