1951 3194
177 256 449 307 [1061-1063]
665 253 818 291 LIBER
846 253 1079 292 TERTIUS.
1530 258 1576 294 91

176 336 366 383 abbates
399 345 765 393 assumerentur,
801 343 1068 398 sanctaeque
1099 333 1238 378 matri
1270 332 1491 379 Ecclesiae
1526 335 1581 379 ad

176 414 409 461 honorem
433 413 531 458 veri
562 412 682 476 regis
708 429 796 475 pro
821 410 967 458 salute
992 411 1255 456 animarum
1281 409 1582 473 praeficeren—

177 501 272 537 tur.
290 495 518 537 Praeterca
542 488 869 552 magnanimus
892 487 986 533 dux
1006 488 1200 534 tertium
1223 486 1501 534 coenobium
1529 488 1575 533 in

178 567 360 614 honore
379 566 523 612 sancti
545 564 782 612 Michaelis
806 563 1070 627 archangeli
1100 565 1148 610 in
1165 563 1282 611 urbe
1305 564 1488 611 Mellito
1511 565 1582 628 (1)

176 656 503 691 constructum
523 642 766 690 Roclberto
786 641 941 687 abbati
966 641 1173 699 tradidit,
1195 643 1324 706 quod
1345 643 1441 706 ipse
1456 642 1584 687 Wil-

176 722 324 769 lermo
344 720 566 784 Ingranni
584 719 701 775 filio,
723 719 804 782 qui
825 719 947 781 apud
965 718 1159 764 Uticam
1178 729 1317 765 nat-ns
1340 729 1384 766 et
1403 718 1459 765 ad
1485 719 1584 766 cle-

175 799 373 844 ricatum
395 806 641 860 promotus
661 796 840 853 fuerat,
859 796 936 842 sed
954 795 1076 859 apud
1094 805 1301 841 sanctam
1320 795 1584 843 Eufemiam

174 875 507 922 monachatum
531 885 821 937 susceperat,
855 874 1220 920 commendavit.
1249 875 1301 920 In
1330 873 1401 919 his
1428 874 1584 938 itaque

175 952 324 997 tribus
350 952 646 999 monasteriis
670 951 816 997 Italiae
840 951 1074 997 Uticensis
1108 961 1272 997 cantus
1297 951 1502 1007 canitur,
1538 960 1586 997 et

172 1030 458 1076 monasticus
474 1029 593 1077 ordo
608 1047 757 1094 usque
775 1028 931 1086 hodie,
947 1039 1091 1092 prout
1107 1029 1442 1092 opportunitas
1459 1028 1583 1074 illius

172 1107 375 1170 regionis
401 1116 447 1153 et
470 1124 602 1153 amor
627 1105 942 1152 habitantium
962 1106 1223 1170 permittit,
1251 1104 1546 1153 observatur.

236 1184 352 1229 Duae
384 1200 567 1229 sorores
600 1184 800 1229 uterinae
826 1183 1053 1230 Rodbcrti
1089 1183 1271 1229 abbatis
1300 1204 1308 1229 :
1349 1182 1512 1230 Judith
1538 1193 1584 1229 et

171 1262 362 1316 Emma,
392 1260 514 1324 apud
540 1261 735 1307 Uticum
763 1261 809 1306 in
838 1261 1009 1324 capella
1038 1261 1182 1307 sancti
1208 1260 1397 1307 Ebrulfi
1421 1277 1584 1307 mora-—

172 1334 376 1393 bantur,
412 1347 457 1383 et
489 1336 575 1382 sub
607 1355 737 1384 sacro
773 1338 1002 1384 velamine
1039 1337 1219 1384 mundo
1251 1337 1579 1392 renunciasse,

172 1413 364 1477 Deoque
401 1414 487 1459 soli
529 1432 613 1477 per
651 1413 933 1460 munditiam
972 1415 1125 1461 cordis
1167 1426 1213 1461 et
1247 1414 1460 1478 corporis
1502 1414 1582 1459 in-

172 1489 350 1537 haerere
384 1490 713 1538 credebantur.
753 1491 871 1551 Quee
903 1509 1011 1538 cum
1047 1491 1346 1538 Rodbertum
1383 1491 1582 1537 fratrem

173 1586 308 1613 suum
330 1568 376 1613 in
399 1568 568 1632 Apulia
593 1569 801 1614 saeculari
826 1570 1037 1632 potentia
1062 1580 1131 1615 sat
1149 1570 1306 1633 vigere
1324 1568 1578 1625 audissent,

171 1662 358 1709 seseque
394 1645 443 1691 in
473 1645 765 1691 Norinannia
796 1646 1099 1710 despicabiles
1131 1656 1178 1693 et
1210 1646 1311 1692 sine
1343 1645 1580 1708 adjutorio

170 1724 538 1786 perspexissent,
572 1724 662 1770 iter
687 1724 735 1770 in
761 1724 942 1770 ltaliam
966 1725 1202 1779 inierunt,
1232 1734 1279 1771 et
1306 1723 1476 1770 relicto
1499 1740 1580 1770 ve-

172 1801 342 1848 lamine
380 1802 637 1848 sanctitatis
674 1803 786 1848 totis
819 1801 997 1848 nisibus
1032 1803 1267 1848 mundum
1305 1801 1580 1865 amplexatae

173 1890 308 1935 sunt,
341 1890 387 1926 et
417 1878 568 1926 ambae
602 1880 781 1925 maritis
810 1879 1138 1944 ignorantibus
1167 1878 1295 1943 quod
1321 1879 1421 1925 Deo
1450 1877 1579 1924 dedi-

173 1967 286 2002 catae
314 1967 467 2003 essent
495 1967 776 2020 nupserunt.
807 1957 929 2003 Nam
956 1958 1184 2021 Rogerius
1217 1956 1388 2002 Siciliae
1423 1972 1579 2002 comes

170 2032 331 2078 Judith
353 2033 401 2079 in
421 2035 694 2097 conjugium
713 2033 890 2097 accepit
907 2034 1004 2097 (2),
1024 2033 1234 2096 aliusque
1252 2049 1424 2088 comes,
1448 2034 1578 2095 cujus

171 2126 346 2155 nomen
382 2126 479 2156 non
515 2110 699 2165 recolo,
736 2110 954 2156 Emmam
988 2109 1295 2156 matrimonio
1337 2126 1420 2156 suo
1460 2125 1579 2154 con-

164 2189 341 2249 junxit.
364 2189 440 2233 Sic
461 2187 610 2234 ambae
625 2189 854 2244 velamen,
874 2199 1047 2235 sanctae
1061 2188 1302 2251 religionis
1317 2187 1572 2251 specimen,

171 2281 258 2324 pro
281 2264 445 2310 mundi
471 2283 630 2312 amore
655 2265 978 2329 reliquerunt,
1008 2276 1054 2311 et
1076 2264 1181 2328 quia
1207 2264 1409 2327 primam
1435 2262 1575 2308 fidem

170 2339 350 2384 irritam
368 2339 597 2397 fecerunt,
617 2340 768 2388 ambae
789 2342 837 2387 in
857 2340 947 2387 hoc
967 2340 1138 2386 saeculo
1157 2339 1336 2386 steriles
1355 2354 1574 2402 perman-

213 2557 263 2598 (1)
284 2554 406 2588 Melilo
419 2583 427 2598 ,
449 2555 529 2589 ville
548 2557 748 2603 episcopale
767 2557 812 2591 de
832 2557 865 2590 la
881 2558 1032 2592 Calabre
1051 2558 1264 2592 ulterieurc.

212 2615 261 2655 (2)
277 2615 342 2648 Les
360 2614 453 2649 deux
467 2615 615 2649 semime
632 2628 791 2651 connues
810 2617 855 2651 de
870 2617 993 2663 Rogei*
1006 2618 1048 2651 I‘³r
1067 2617 1310 2663 s’appclaient,
1326 2616 1421 2651 l’une
1442 2617 1568 2651 Eremm

168 2672 289 2718 berge,
301 2674 426 2708 l'autrc
440 2674 613 2708 wls-laide
628 2688 673 2707 ou
688 2675 863 2709 Adelasie.
880 2675 941 2709 S'il
955 2688 972 2709 a
988 2677 1121 2721 epouse
1134 2688 1178 2709 en
1192 2682 1297 2711 outre
1313 2682 1406 2710 cette
1423 2675 1567 2719 Judsth,

168 2731 246 2766 leur
266 2734 377 2768 nnion
396 2734 517 2768 n'uura
538 2747 597 2781 pas
617 2734 720 2768 laiss(3
738 2734 781 2768 do
800 2741 915 2769 traces
932 2735 1020 2769 dans
1039 2735 1224 2770 l'histoiic
