1951 3194
177 233 286 279 [ANTE
309 227 556 275 1030-1063]
667 225 819 263 LIBER
848 224 1082 263 TERTIUS.
1529 227 1580 265 95

174 306 408 353 Herberlo
439 304 666 352 Antistite
699 306 769 368 (l)
799 304 976 359 fuerat3
1001 312 1161 366 postea
1195 302 1358 349 volens
1387 305 1579 349 arctiori

173 401 342 430 norma
354 383 635 446 constringi,
650 381 863 427 habitum
879 380 1149 427 saecularem
1163 379 1418 444 reliquerat
1430 415 1442 436 ,
1461 390 1507 426 et
1524 381 1580 426 ad

173 476 353 505 novum
367 458 641 505 coenobium
663 456 793 522 quod
806 456 1081 503 Goscelinus
1099 455 1155 502 de
1174 455 1340 501 Archis
1357 456 1405 501 in
1418 467 1582 503 monte

173 537 377 585 Rodomi
394 548 567 583 sanctae
587 536 770 581 Trinita
779 535 811 580 ti
827 533 1148 590 construebat,
1164 533 1244 579 ubi
1267 544 1379 580 tunc
1393 552 1582 580 venera-n

173 614 281 660 hilis
300 614 583 661 Isembertus
611 611 775 666 abbas,
802 610 876 656 vir
895 611 1030 655 mirae
1054 611 1238 673 peritiae
1262 611 1438 658 nostris
1467 621 1582 657 tem-

172 690 370 755 poribus
418 687 796 753 incomparabilis
811 723 822 743 ,
859 686 1069 750 pollebat
1090 722 1103 743 ‚
1142 705 1297 735 mores
1332 689 1581 735 emendare

174 768 433 814 secundum
466 765 808 829 beneplacitam
842 764 1135 811 voluntatem
1169 764 1253 811 Dei
1283 766 1578 830 confugerat.

174 845 313 891 Hunc
345 843 592 890 Rainerius
622 840 762 887 abbas
788 840 1031 887 Isemberti
1065 859 1302 888 successor
1318 845 1416 906 jam
1442 844 1488 889 in
1511 861 1584 890 or·-

174 923 284 969 dine
298 921 555 986 probatum
569 920 624 966 ad
643 919 1015 966 construendum
1035 918 1311 966 coenobium
1329 921 1583 967 Cormelias

173 1000 328 1056 misit,
357 998 439 1045 ubi
471 1010 586 1045 tunc
611 997 838 1060 temporis
864 996 1116 1059 praeclarus
1142 996 1280 1043 heros
1301 998 1583 1044 Willermus

175 1075 374 1123 osberni
395 1075 517 1121 filius
536 1073 718 1138 dapifer
737 1073 1128 1119 Normannorum
1146 1072 1382 1118 abbatiam
1410 1085 1584 1121 sanctae

173 1155 259 1200 Dei
290 1152 509 1216 genitrici
545 1152 707 1196 Mariae
742 1148 944 1195 condere
980 1149 1147 1212 coepit.
1185 1150 1390 1213 Depulso
1425 1162 1583 1197 autem

176 1230 422 1277 Rodberto
442 1228 609 1274 abbate
627 1227 682 1274 de
702 1228 807 1274 loco
827 1244 929 1283 suo,
947 1237 1000 1272 ut
1018 1245 1156 1290 supra
1176 1228 1283 1272 satis
1297 1229 1479 1274 dictum
1496 1240 1582 1287 est,

177 1304 358 1352 Osbern
367 1323 415 1350 us
437 1305 623 1368 ignarus
639 1313 685 1350 ct
702 1303 877 1348 invitus
894 1302 950 1348 ad
969 1303 1178 1366 regimen
1191 1303 1426 1350 Uticensis
1445 1306 1587 1352 eccle-

178 1383 258 1428 siae
279 1391 541 1445 assumptus
566 1390 656 1435 est3
685 1397 781 1444 quo
806 1397 891 1442 per
917 1380 1129 1443 quinque
1159 1397 1308 1426 annos
1332 1391 1378 1427 et
1403 1399 1585 1429 menses

180 1469 290 1516 tres,
306 1470 450 1521 prout
466 1458 640 1504 saevitia
665 1457 814 1520 iniqui
837 1457 1064 1519 temporis
1081 1457 1314 1520 permisit,
1332 1457 1585 1522 diligenter

180 1547 224 1583 et
244 1536 424 1582 utiliter
442 1536 623 1600 potitus
642 1545 730 1581 est.

242 1614 330 1660 Hie
345 1613 595 1678 quemdam
615 1612 818 1659 ecclesiae
836 1630 930 1658 suae
950 1611 1237 1658 monachum
1255 1613 1391 1661 valde
1409 1615 1588 1678 sapien-

180 1703 276 1739 tem
289 1702 336 1738 et
349 1692 619 1756 religiosum
636 1691 830 1738 nomine
844 1689 1186 1737 Witmundum
1203 1692 1432 1754 permissu
1451 1692 1588 1739 abba-

180 1770 239 1815 tis
257 1770 327 1815 sui
349 1786 505 1815 secum
526 1768 743 1825 adduxit,
767 1770 837 1832 cuj
847 1785 896 1813 us
913 1768 1108 1814 monitis
1129 1777 1175 1814 et
1191 1769 1375 1814 auxiliis
1394 1787 1502 1815 usus
1520 1782 1588 1818 est

179 1846 405 1911 quamdiu
420 1845 542 1909 apud
559 1846 755 1892 Uticum
769 1846 903 1891 vixit.
925 1844 1153 1891 Praefatus
1166 1846 1424 1892 monachus
1438 1866 1589 1912 gram-

180 1925 363 1970 maticae
388 1925 500 1970 artis
525 1934 572 1970 et
595 1924 784 1969 musicae
816 1923 1124 1987 peritissimus
1151 1935 1272 1979 erat3
1294 1925 1424 1988 quod
1449 1925 1588 1972 nobis

180 2000 332 2047 adhuc
366 2011 597 2048 testantur
632 2001 906 2065 antiphonae
935 2011 981 2047 et
1014 2002 1310 2065 responsoria
1346 2020 1452 2067 quae
1494 2004 1590 2068 ipse

182 2077 472 2125 condiderat.
500 2079 661 2125 Plures
687 2079 814 2125 enim
836 2078 1105 2125 dulcisonos
1132 2090 1294 2125 cantus
1319 2080 1367 2125 in
1396 2082 1589 2145 tropha-

181 2156 255 2202 rio
287 2156 361 2219 (2)
396 2166 442 2201 et
469 2156 806 2220 antiphonario
839 2155 1001 2202 edidit.
1040 2156 1126 2201 Hic
1160 2156 1405 2202 historiam
1440 2160 1587 2204 sancti

183 2234 327 2297 patris
361 2234 549 2280 Ehrulfi
573 2270 586 2291 ‚
625 2233 791 2280 additis
831 2251 1003 2280 novem
1039 2233 1314 2297 antiphonis
1350 2247 1396 2281 ct
1437 2235 1589 2282 tribus

239 2416 288 2460 (1)
305 2416 484 2460 Herbert,
511 2418 644 2465 eveque
671 2418 716 2453 dc
734 2419 876 2453 Lisieux
902 2420 913 2462 (
930 2420 1165 2465 μνη-(049).
1186 2419 1256 2453 Sur
1271 2419 1304 2452 le
1324 2427 1478 2454 convent
1497 2420 1542 2454 (lc
1557 2421 1590 2456 la

189 2474 551 2520 Trinitc-du-Mont‚
578 2479 660 2523 pres
680 2478 828 2521 Rouen,
850 2485 886 2512 et
905 2490 969 2513 son
990 2478 1149 2525 premier
1166 2478 1256 2512 abbe
1271 2478 1465 2523 hemlion,
1486 2493 1590 2527 voyez

190 2534 380 2578 cidessus,
398 2547 488 2581 page
509 2546 561 2569 12.

237 2596 287 2638 (2)
306 2593 402 2627 Lisez
419 2596 601 2640 [1¹0pari0;
620 2594 670 2628 lcs
692 2597 851 2640 imparia
870 2596 1005 2629 etaient
1028 2596 1090 2629 des
1108 2595 1259 2629 recucils
1278 2595 1321 2629 de
1341 2603 1461 2643 tropes
1474 2627 1482 2642 ‚
1503 2602 1595 2645 peti«

192 2659 245 2686 tes
272 2653 391 2699 pieccs
412 2653 456 2688 (le
483 2654 612 2697 cliant,
643 2655 706 2700 qui
734 2654 965 2700 precedaient
994 2654 1148 2689 l'intro'i't
1174 2654 1260 2688 dans
1283 2654 1332 2689 les
1360 2656 1448 2690 fetes
1473 2658 1591 2693 solen<-

195 2710 314 2745 uelles.
