1951 3194
412 266 488 304 436
776 260 1019 300 nlsTomA
1049 259 1447 301 ECCLESIASTICA.

410 345 600 409 pultum
616 352 701 389 est.
722 341 824 386 Illic
843 340 938 388 duo
958 339 1043 386 filii
1063 342 1160 402 ejus
1184 360 1193 384 ;
1214 339 1352 404 Hugo
1369 349 1416 386 et
1435 340 1655 386 Radulfus
1669 375 1680 396 ,
1710 357 1817 385 cum

410 422 597 469 Adeliza
622 428 772 465 matre
800 435 881 463 sua
905 417 1168 473 affuerunt,
1198 427 1244 463 et
1263 434 1326 474 se,
1358 427 1405 464 et
1434 417 1663 482 quidquid
1685 428 1818 482 pater

410 517 576 547 eorum
595 497 785 544 dederat
802 497 845 543 S.
873 495 1096 552 Ebrulfo,
1127 494 1332 542 libenter
1352 506 1686 544 concesserunt
1699 531 1711 552 ,
1732 513 1819 543 co-

410 594 512 622 ram
533 575 693 622 multis
721 573 935 633 testibus,
964 574 1045 639 qui
1063 573 1119 620 ad
1144 574 1509 621 tumulationem
1529 574 1646 620 tanti
1672 572 1818 620 baro-
1861 626 1866 631 ¹

410 654 483 699 nis
499 662 843 699 convenerunt.
861 653 973 697 Post
987 667 1137 698 annos
1154 650 1252 698 fere
1273 667 1387 707 xxx,
1410 651 1547 715 Hugo
1564 650 1620 697 de
1634 650 1821 697 Monte-

410 731 651 778 Pincionis
671 730 934 793 spirituales
952 729 1116 776 fratres
1134 747 1241 776 suos
1256 730 1442 777 visitare
1457 729 1650 775 Uticum
1665 729 1795 776 venit
1807 765 1821 785 ‚

410 826 662 873 secumque
686 807 942 854 Radulfum
967 807 1341 871 primogenitum
1369 825 1506 852 suum
1532 805 1750 861 adduxit,
1778 816 1825 851 et

409 885 693 933 Mathildem
725 903 924 933 uxorem
957 903 1119 943 suam,
1146 902 1253 949 quae
1280 886 1493 949 Hugonis
1526 886 1582 931 de
1614 884 1822 931 Grentew

410 964 597 1010 maisnil
625 963 719 1009 fllia
745 973 871 1017 erat,
910 979 1218 1027 sororemque
1246 981 1375 1008 suam
1400 963 1646 1009 Adelinam
1677 980 1826 1027 nuper

410 1040 683 1088 defunctam
697 1038 885 1104 lugebat
898 1040 916 1102 (
929 1058 941 1085 1
953 1040 971 1102 )
982 1076 991 1085 .
1009 1041 1145 1085 Tunc
1160 1041 1297 1104 Hugo
1309 1040 1503 1086 fraterni
1513 1051 1655 1087 tatem
1666 1058 1826 1088 mona-

411 1116 635 1173 chorum,
657 1134 799 1181 quam
822 1115 939 1162 olim
963 1116 1011 1161 in
1037 1115 1232 1161 infantia
1257 1127 1522 1179 acceperat,
1551 1117 1820 1169 renovavit,

411 1211 585 1258 eosque
610 1205 662 1240 ut
680 1210 769 1258 pro
788 1192 992 1240 Radulfo
1014 1193 1161 1240 fratre
1179 1211 1281 1250 suo,
1301 1196 1382 1259 qui
1411 1194 1458 1240 in
1479 1195 1552 1240 via
1569 1195 1822 1241 Jerusalem

408 1272 685 1336 peregrinus
702 1270 904 1329 obierat,
920 1282 1130 1328 orarent,
1149 1272 1429 1319 obsecravit.
1446 1273 1670 1320 Radulfus
1682 1274 1821 1321 etiam

410 1368 529 1415 puer
563 1351 806 1397 monachis
841 1368 897 1397 ex
928 1361 1032 1397 toto
1061 1351 1210 1414 (sicut
1244 1363 1460 1415 parentes
1493 1352 1594 1415 sui)
1623 1352 1823 1398 sociatus

410 1439 501 1486 est;
524 1440 570 1475 et
590 1446 613 1474 a
632 1427 879 1475 Gualterio
896 1428 1057 1484 Calvo,
1079 1429 1263 1494 loquaci
1278 1430 1447 1486 milite,
1466 1448 1550 1494 per
1565 1430 1824 1495 capitulum

409 1505 597 1562 ductus,
621 1504 790 1552 fratres
813 1504 1048 1551 osculatus
1067 1516 1153 1561 est,
1177 1516 1224 1552 et
1250 1516 1362 1552 tunc
1387 1506 1446 1553 ab
1474 1507 1574 1570 ipso
1595 1505 1826 1571 quidquid

413 1592 545 1645 pater
560 1599 668 1627 suus
683 1599 889 1646 avusque
903 1580 1146 1639 dederant,
1165 1583 1212 1629 S.
1231 1581 1435 1630 Ebrulfo
1451 1601 1721 1631 concessum
1739 1594 1824 1629 est.

480 1657 697 1721 Denique
709 1657 1097 1722 praefatusllugo,
1115 1676 1222 1704 cum
1234 1661 1333 1722 jam
1351 1661 1673 1724 sexagenarius
1688 1670 1822 1712 esset,

413 1733 536 1797 apud
555 1735 874 1798 Rotomagum
894 1752 1043 1781 nonas
1064 1736 1221 1781 martii
1240 1736 1491 1782 defunctus
1516 1747 1605 1791 est;
1634 1747 1681 1782 et
1701 1736 1827 1781 cada-

416 1830 495 1858 ver
519 1814 642 1875 ejus,
671 1814 871 1876 conjuge
895 1829 1002 1857 cum
1027 1812 1134 1858 filiis
1156 1811 1373 1876 jubente,
1398 1812 1604 1858 delatum
1628 1822 1696 1859 est
1718 1813 1827 1859 Uti-

414 1908 540 1936 cum.
570 1891 707 1935 Tunc
734 1889 953 1936 monachi
980 1890 1140 1935 fratris
1169 1891 1239 1936 sui
1264 1890 1449 1956 glebam
1480 1889 1743 1937 honorifice
1777 1892 1823 1936 in

414 1967 621 2032 capitulo
640 1967 944 2030 sepelierunt,
966 1977 1012 2013 et
1031 1966 1114 2012 filii
1133 1969 1228 2029 ejus
1259 1988 1267 2012 :
1298 1966 1525 2013 Radulfus
1551 1977 1598 2014 et
1621 1967 1824 2014 Guillel—

413 2064 517 2092 mus
549 2063 601 2091 ac
626 2044 886 2100 Arnulfus‚
914 2062 960 2091 se
991 2055 1037 2091 et
1060 2044 1218 2091 omnia
1245 2056 1599 2102 concesserunt,
1630 2063 1737 2110 quae
1766 2044 1823 2090 al)

413 2120 785 2169 antecessoribus
808 2122 900 2166 suis
924 2121 1134 2168 Uticensi
1157 2121 1361 2168 ecclesiae
1386 2121 1552 2168 collata
1579 2132 1706 2168 sunt.
1736 2122 1824 2167 Ra-

412 2199 570 2246 dulfus
585 2200 743 2262 itaque
760 2199 1103 2263 primogenitus
1123 2198 1268 2245 filiam
1285 2199 1509 2246 Rannulfi
1523 2235 1535 2255 ‚
1560 2199 1821 2246 cancellarii

413 2278 533 2342 regis
559 2276 778 2331 IIcnrici,
807 2294 1004 2323 uxorem
1034 2276 1195 2334 duxit3
1225 2295 1367 2342 quem.
1398 2278 1540 2341 paulo
1564 2288 1671 2341 post
1694 2294 1821 2324 mor-

413 2366 546 2401 tuum
562 2353 796 2400 Uticensis
817 2354 1077 2400 conventus
1100 2355 1145 2400 in
1167 2355 1373 2418 capitulo
1392 2373 1475 2402 suo
1493 2372 1621 2402 secus
1640 2365 1822 2419 patrem

413 2451 550 2479 suum
590 2432 855 2478 tumulavit.
896 2433 1074 2479 Deinde
1110 2432 1390 2480 Guillelmus
1425 2433 1632 2496 patrium
1660 2435 1737 2497 jus
1772 2434 1819 2478 in

412 2511 703 2558 Normannia
729 2510 957 2557 obtinuit.
987 2510 1216 2556 Arnulfus
1249 2528 1390 2567 vero,
1431 2521 1628 2575 propter
1661 2528 1818 2574 quaes-

456 2698 505 2740 (ι)
532 2696 696 2737 Λιῐυῐίηο,
716 2696 785 2731 fillo
798 2696 898 2731 a'inec
918 2697 962 2732 {lc
978 2699 1128 2743 Ungues
1142 2697 1186 2733 dc
1203 2697 1494 2740 Grcntemesnil‚
1514 2696 1646 2731 mariae
1659 2697 1676 2729 ii
1695 2695 1816 2742 Rogvr

413 2754 537 2787 Mul,
561 2755 740 2788 mli-tumn
764 2754 810 2788 (lu
833 2756 898 2789 ιυὲ.
