1951 3194
326 289 376 325 72
687 289 930 328 HISTORIA
961 289 1361 329 ECCLESIASTICA.
1461 293 1734 343 [1054-1061]

324 366 448 412 filius
473 377 664 415 aeternae
689 369 848 415 salutis
873 385 1034 415 curam
1055 369 1305 418 exhibebat
1329 372 1623 436 Sagiensibus
1643 375 1731 438 (1).

324 443 382 489 Hi
418 454 511 491 tres
538 446 587 491 in
613 445 906 492 Normannia
941 456 1054 493 tunc
1079 448 1279 494 maxime
1308 449 1551 512 pollebant
1583 451 1731 497 divini

325 521 478 569 cultus
502 522 689 570 fervore
713 533 760 569 et
783 524 996 570 unanimi
1027 542 1258 572 consensu
1276 561 1288 581 ,
1318 535 1545 591 tantoque
1569 514 1734 574 necte-

322 597 499 646 bantur
522 617 710 658 amore,
738 611 791 646 ut
814 601 1026 667 quisquis
1051 620 1217 649 eorum
1244 602 1292 648 in
1317 602 1506 650 dioecesi
1531 604 1733 650 confinis

322 677 391 721 sui
415 677 544 723 velut
568 677 618 723 in
640 677 831 742 propria
859 678 1034 742 (prout
1061 689 1243 743 tempus
1267 690 1314 726 et
1337 679 1459 726 ratio
1482 679 1730 744 poscebat)

323 771 466 801 omne
488 753 704 800 divinum
727 772 845 819 opus
869 767 1106 803 exerceret
1130 757 1229 803 sine
1253 757 1408 821 litigio
1433 768 1480 804 et
1502 757 1666 804 livore.

388 832 672 879 Stimulante
701 833 868 879 Satana
885 868 899 890 ,
935 834 1017 898 qui
1051 851 1297 898 nunquam
1329 833 1538 880 humano
1573 835 1734 899 generi

323 925 497 956 nocere
511 909 708 967 desistit,
726 910 871 956 nimia
893 910 1017 956 inter
1034 911 1239 958 Francos
1256 921 1301 957 et
1312 911 1615 959 Normannos
1627 909 1738 958 sedi-

324 987 392 1034 tio
415 988 603 1033 exarsit.
628 987 859 1034 Henricus
880 988 1008 1034 enim
1025 1006 1107 1035 rex
1126 989 1420 1035 Francorum
1433 1024 1446 1046 ‚
1469 1000 1515 1035 et
1534 987 1739 1035 Goisfre-

323 1065 408 1110 dus
431 1064 674 1112 Martellus
697 1064 982 1112 fortissimus
1004 1064 1411 1130 Andegavensium
1434 1084 1589 1114 comes
1613 1066 1737 1114 Nor-

323 1159 615 1189 mannorum
641 1142 757 1190 fines
784 1161 894 1189 cum
919 1143 1033 1191 forti
1060 1161 1204 1190 manu
1229 1145 1529 1191 intraverunt
1546 1181 1559 1203 ‚
1587 1155 1634 1191 et
1656 1143 1738 1191 de-

325 1220 548 1266 trimenta
572 1220 920 1285 quamplurima
944 1221 1233 1268 Normannis
1268 1222 1553 1268 intulerunt.
1585 1222 1737 1268 Porro

325 1296 607 1343 Willermus
621 1298 877 1344 acerrimus
892 1297 986 1344 dux
1000 1297 1392 1344 Normannorum
1410 1298 1472 1361 inj
1482 1298 1603 1343 urias
1618 1298 1739 1344 mul-

326 1375 465 1422 toties
484 1392 583 1422 non
606 1375 811 1440 segniter
828 1376 955 1421 ultus
976 1386 1060 1422 est.
1084 1375 1204 1421 Nam
1223 1375 1471 1440 plerosque
1490 1375 1739 1423 Gallorum

327 1463 375 1501 et
405 1453 811 1519 Andegavensium
846 1455 995 1518 cepit,
1028 1454 1288 1500 nonnullos
1324 1453 1526 1510 occidit,
1562 1453 1739 1500 multos

326 1542 483 1577 autem
522 1531 570 1577 in
609 1548 794 1577 carcere
830 1530 913 1576 diu
954 1531 1133 1578 clausos
1173 1531 1353 1576 afflixit.
1396 1530 1485 1590 Qui
1531 1530 1740 1595 singulos

326 1608 576 1655 conflictus
614 1619 660 1655 et
695 1607 861 1655 damna
877 1643 890 1664 ,
931 1625 1038 1672 quae
1074 1607 1162 1654 sibi
1199 1607 1404 1653 vicissim
1440 1608 1736 1664 intulerunt,

324 1686 577 1751 diligenter
600 1685 806 1733 voluerit
830 1685 1141 1749 perscrutari,
1171 1685 1292 1751 legat
1322 1684 1470 1732 libros
1495 1684 1737 1731 &Villermi

324 1763 711 1811 Gemmeticensis
728 1761 988 1808 coenobitae
1006 1773 1327 1826 cognomento
1339 1761 1534 1818 Calculi,
1552 1772 1599 1808 et
1613 1760 1739 1808 Wil-

324 1841 461 1887 lermi
486 1839 716 1886 Pictavini
742 1839 1045 1887 Lexoviensis
1067 1838 1272 1886 ecclesiae
1291 1837 1635 1895 archidiaconi,
1654 1837 1736 1902 qui

325 1920 381 1967 de
402 1920 542 1984 gestis
561 1918 955 1965 Normannorum
975 1917 1180 1964 studiose
1203 1917 1494 1981 scripserunt
1514 1952 1526 1973 ,
1550 1927 1596 1963 et
1615 1915 1739 1962 Wil-

324 1998 475 2044 lermo
494 1998 591 2061 jam
615 1996 712 2061 regi
738 1995 1003 2059 Anglorum
1027 1995 1181 2042 favere
1206 1995 1446 2058 cupientes
1473 2002 1734 2056 praesenta-

325 2085 498 2122 verunt
523 2076 608 2138 (2).

390 2152 489 2198 Sub
524 2171 573 2199 ea
607 2163 880 2216 tempestate
915 2151 1185 2198 Rodbertus
1218 2151 1380 2198 Geroii
1408 2150 1532 2196 filius
1568 2159 1733 2195 contra

324 2231 634 2278 Willermum
664 2230 830 2277 ducem
865 2228 1135 2288 rebellavit,
1171 2239 1217 2274 et
1250 2227 1486 2273 accersitis
1514 2224 1735 2289 Andega-

324 2308 544 2356 vensibus
583 2318 728 2353 castra
766 2325 845 2354 sua
877 2328 886 2352 ε
915 2307 1140 2353 Sanctum
1176 2306 1354 2351 scilicet
1381 2304 1655 2351 Serenicum
1688 2314 1734 2350 et

373 2494 423 2536 (1)
442 2492 512 2526 Sur
528 2491 682 2535 Hugues
700 2489 792 2523 d’Eu
816 2495 852 2523 et
871 2489 947 2522 lves
969 2487 1013 2522 de
1032 2487 1204 2530 Belleme,
1231 2499 1336 2533 voyez
1363 2486 1542 2521 ci-dessus
1561 2498 1669 2532 pages
1695 2485 1733 2520 18

326 2558 363 2584 ct
383 2550 437 2592 46.
456 2550 667 2585 Guillaume
681 2576 690 2590 .,
711 2548 764 2582 fils
783 2548 827 2581 de
846 2547 990 2582 Gerard
1009 2546 1155 2589 Fleitel,
1179 2558 1359 2591 gouverna
1378 2544 1533 2579 l'eveche
1556 2536 1733 2578 ‹l'Evrcux

325 2610 452 2656 depuis
475 2609 562 2651 1046
575 2609 744 2656 jusqu'en
766 2607 864 2641 1066.

372 2671 422 2713 (2)
441 2670 510 2703 Sur
529 2675 621 2702 cette
641 2680 771 2714 guerre
795 2667 857 2713 qui
873 2673 935 2700 cut.
952 2666 1025 2700 lieu
1043 2678 1088 2699 en
1111 2664 1196 2707 1054
1209 2693 1217 2708 ‚
1237 2676 1343 2711 voyez
1356 2662 1565 2699 Guillaume
1580 2660 1625 2695 de
1645 2661 1730 2695 Poi—

329 2727 414 2760 ti(.*1·s
431 2726 533 2770 apud
553 2726 762 2767 Duclzesne,
781 2725 954 2759 Historia*
971 2724 1273 2758 ssbrmammrum
1292 2723 1508 2766 Scriptores,
1530 2732 1562 2765 p.
1592 2718 1647 2753 181
1666 2747 1674 2761 ,
1696 2726 1734 2752 ct

324 2785 534 2822 (luillauinc
553 2785 596 2819 dc
615 2786 798 2831 Juinicges
813 2813 820 2827 ,
843 2783 993 2830 1'b1·‹l.‚p.
1016 2783 1093 2831 276.
