1951 3194
99 248 368 300 [1050-1056]
588 247 742 285 LIBER
771 245 1005 284 TERTIUS.
1467 248 1519 284 59

98 327 320 391 nequiter
351 326 448 390 ipse
473 324 780 382 distraxerat,
810 323 1013 371 omnino
1047 322 1210 368 tacuit.
1246 321 1519 368 Coenobitae

98 414 258 451 autem
286 402 444 449 audita
475 412 632 450 morte
660 402 927 449 fundatoris
956 401 1162 448 ecclesiae
1191 417 1288 446 suae
1315 399 1519 445 nimium

100 481 368 529 contristati
392 491 528 538 sunt,
554 496 808 544 precesque
840 490 887 525 et
909 479 1069 525 missas
1104 488 1151 525 et
1178 477 1265 523 alia
1292 476 1522 524 beneficia

99 577 190 624 pro
213 561 367 606 anima
387 562 484 624 ejus
509 560 625 615 Deo,
649 560 722 604 cui
748 558 918 603 vivunt
942 558 1101 604 omnia
1116 593 1128 613 ‚
1155 556 1359 604 fideliter
1382 554 1525 602 obtu-

102 638 288 695 lerunt,
313 655 421 702 quae
445 653 731 683 successores
756 653 925 683 eorum
947 653 1095 699 usque
1120 635 1260 682 hodie
1282 634 1525 682 ferventer

101 716 353 764 observare
390 726 621 780 satagunt.
661 713 956 760 Ansehetillo
988 713 1187 759 domum
1220 731 1351 759 suam
1386 729 1524 776 repe-

103 803 257 851 tente,
281 792 569 840 Teodelinus
592 793 745 839 socius
769 793 865 855 ejus
887 790 1084 837 Uticum
1105 790 1266 848 venit,
1300 802 1347 837 et
1374 808 1397 835 a
1423 806 1528 835 mo-

104 871 267 917 nachis
291 871 407 935 quid
431 870 519 916 sihi
545 872 602 917 de
631 870 801 934 Apulia
824 869 1034 916 delatum
1064 867 1229 915 fuisset
1258 867 1523 932 inquisivit.

102 949 318 1013 Cumque
334 948 403 995 nil
423 949 511 995 nisi
532 949 758 996 moeroris
775 947 1002 994 nuntium
1016 947 1072 993 de
1088 955 1244 993 morte
1260 945 1527 991 amicorum

103 1029 166 1074 eis
198 1026 406 1074 delatum
440 1044 536 1074 esse
567 1027 900 1091 comperisset,
939 1024 1215 1088 obstupuit3
1253 1034 1300 1070 et
1331 1038 1526 1069 omnem

104 1105 172 1151 rei
202 1105 451 1151 veritatem
483 1104 539 1152 de
572 1104 799 1151 omnibus
832 1120 939 1169 quae
971 1102 1060 1148 sibi
1089 1118 1317 1167 prospere
1345 1100 1420 1146 vel
1453 1097 1529 1144 ad-

105 1199 235 1228 verse
269 1182 570 1245 contigerant
608 1181 656 1226 in
695 1180 1079 1244 peregrinatione
1121 1177 1377 1224 intimavit.
1417 1176 1531 1222 Mox

107 1258 394 1305 Teodericus
411 1257 552 1303 abbas
568 1257 916 1304 Anschetillum
932 1258 1116 1313 ascivit,
1133 1255 1530 1317 commissamque

107 1336 358 1400 pecuniam
382 1334 441 1381 ab
462 1353 518 1382 eo
536 1336 746 1399 repetiit.
770 1335 832 1381 At
865 1334 943 1381 ille
975 1334 1133 1398 primo
1154 1350 1325 1397 negare
1352 1330 1527 1393 coepit,

109 1413 186 1460 sed
209 1412 516 1476 postmodum
548 1431 571 1458 a
599 1413 861 1459 Teodelino
896 1413 1140 1458 convictus
1180 1410 1248 1456 rei
1283 1409 1533 1454 veritatem

110 1490 406 1555 recognovit.
441 1490 741 1546 Pecuniam,
782 1489 964 1552 inquit,
1003 1504 1151 1551 qaam
1185 1486 1461 1550 reposcitis,
1503 1500 1535 1528 (ι

110 1569 304 1615 domino
330 1585 432 1614 meo
470 1567 720 1613 W'illermo
745 1567 938 1632 suscepi
954 1589 973 1622 ,·
1001 1566 1142 1630 cajus
1168 1565 1386 1628 aliquam
1409 1579 1532 1625 par-

112 1657 202 1692 tem
236 1646 308 1691 ad
344 1664 457 1692 usas
496 1656 684 1691 nostros
723 1645 962 1701 distraxi,
994 1654 1187 1707 partem
1221 1658 1335 1687 vero
1372 1641 1535 1685 Remis

113 1723 309 1771 consilio
333 1723 519 1770 domini
540 1726 632 1768 mei
653 1721 856 1782 Roclaffi
876 1720 1299 1777 Malae-Coronoe,
1330 1719 1412 1781 qai
1435 1716 1537 1762 illie

112 1801 231 1848 mihi
251 1801 476 1858 obviavit,
505 1801 854 1848 commendavi.
883 1799 1023 1860 Quod
1047 1797 1289 1845 audientes
1313 1792 1535 1842 monachi

113 1880 272 1927 Remis
304 1879 440 1925 illum
465 1878 536 1924 bis
560 1878 862 1936 direxerunt,
888 1878 1022 1942 prius
1049 1894 1158 1922 cum
1184 1873 1414 1923 Rainaldo
1432 1888 1536 1918 mo-

115 1956 267 2003 nacho
297 1956 354 2003 de
385 1958 567 2021 Sappo,
599 1957 769 2004 deinde
797 1974 905 2002 cum
932 1956 1142 2002 Fulcone
1172 1954 1227 2000 ad
1257 1951 1537 2000 Gervasium

115 2033 523 2098 archiepiscopum
536 2036 608 2098 (1)
625 2051 713 2098 pro
728 2052 872 2081 censu
885 2033 1119 2098 deposito.
1134 2029 1366 2078 Praefatus
1380 2038 1536 2074 autem

115 2113 512 2176 metropolitanus
546 2112 834 2160 monachum
866 2113 913 2158 S.
949 2111 1131 2158 Ebrulfi
1168 2118 1411 2175 gratanter
1442 2123 1539 2152 sus-

117 2189 265 2253 cepit,
308 2207 511 2255 eumque
551 2191 599 2236 in
636 2191 830 2254 negotio
871 2207 961 2254 pro
1000 2206 1098 2254 quo
1132 2196 1328 2234 venerat
1361 2182 1541 2248 adjuvit

118 2278 352 2331 quantum
388 2269 566 2333 potuit.
609 2269 732 2316 Nam
781 2268 905 2315 idem
943 2268 1058 2314 dum
1108 2262 1539 2313 Cenomanensium

119 2344 363 2408 episcopus
386 2356 513 2404 erat,
535 2358 581 2393 et
605 2347 784 2392 curiam
801 2346 1046 2394 Willermi
1071 2344 1202 2391 ducis
1223 2342 1537 2388 Normanno-

119 2440 259 2479 rum,
303 2423 378 2468 cui
416 2424 548 2470 valde
586 2424 830 2470 familiaris
872 2433 1002 2481 erat,
1049 2421 1220 2469 crebro
1265 2424 1538 2481 expeteret,

121 2499 245 2563 apud
288 2499 483 2545 Uticum
530 2518 651 2565 saepe
687 2502 842 2548 fuerat
883 2498 1146 2547 honorifice
1187 2503 1456 2557 susceptus,
1495 2502 1541 2537 et

171 2692 220 2737 (ι)
248 2692 400 2726 Gcrvais
418 2691 462 2726 de
480 2691 836 2732 Chatcau-du-Loir,
855 2691 989 2739 cchuc
1008 2691 1056 2724 du
1082 2691 1184 2724 Mans
1202 2683 1459 2734 (ww-1055),
1482 2696 1538 2716 :ir-

128 2751 310 2797 ‹zheveque
327 2751 371 2785 de
390 2751 516 2785 Roims
533 2750 778 2798 (roffi-1067).
