1951 3194
548 224 700 262 LIBER
731 224 972 272 QUINTUS.
1398 227 1474 264 433

72 301 334 347 multorum
352 302 629 349 definitione
649 303 932 365 optimatum
954 302 1202 366 praefixum
1226 313 1293 347 est
1321 303 1368 348 in
1389 321 1477 348 cu-

72 379 139 424 ria
164 379 284 443 regis
306 390 360 424 ut
382 379 594 443 culpatus
615 380 705 435 vir,
733 379 789 425 ad
812 379 1165 444 abstergendam
1185 378 1351 426 nefarii
1381 398 1479 425 ma-

73 455 225 501 culam
250 455 473 502 facinoris
490 493 502 512 ‚
528 457 650 520 apud
675 459 990 520 Rotomagum
1020 458 1067 502 in
1094 458 1342 520 praesentia
1368 458 1479 503 cleri

74 532 255 579 subiret
289 533 528 579 candentis
562 551 755 579 examen
781 534 1007 598 chalybis.
1036 535 1175 593 Quod
1210 536 1270 580 ita
1304 536 1481 581 factum

74 621 158 655 est.
187 610 456 656 Scintillans
492 610 672 657 ferrum
710 611 833 656 nuda
864 629 1007 657 manu
1034 613 1269 674 portavit,
1305 613 1484 676 Deique

76 700 197 734 nutu
230 705 327 735 non
361 689 549 734 adustus
579 690 821 752 apparuit,
855 700 900 735 et
932 690 1038 736 inde
1066 691 1216 737 clerus
1246 708 1352 736 cum
1386 702 1484 737 tota

76 763 212 827 plebe
234 766 323 811 alta
344 782 457 811 voce
480 765 626 810 Deum
651 765 874 810 laudavit.
902 766 1110 813 Malivoli
1138 766 1292 812 hostes
1316 768 1481 812 armati

76 842 270 889 aderant
303 842 359 888 ad
391 842 732 906 spectaculum,
766 853 818 888 ut
850 844 884 889 si
916 860 1022 890 reus
1054 844 1486 907 deprehenderetur

78 938 162 984 per
183 920 561 985 igiiisjudicium,
584 922 818 967 continuo
842 931 1012 975 reatus,
1042 932 1285 985 amputato
1310 924 1375 968 rei
1404 940 1487 967 ca-

78 998 190 1061 pite,
202 998 454 1062 puniretur
467 1015 551 1061 per
562 997 781 1062 gladium.
794 999 846 1043 In
863 997 932 1043 his
946 1000 1100 1062 itaque
1115 1000 1358 1062 pressuris⁷
1373 1017 1486 1064 quas

80 1074 361 1121 Guillelmus
383 1086 428 1121 et
443 1075 512 1120 sui
530 1075 734 1139 perpessi
751 1086 878 1131 sunt,
896 1075 1150 1121 Mainerius
1164 1075 1306 1122 abbas
1321 1086 1367 1122 et
1385 1077 1487 1123 Uti-

81 1170 237 1199 censes
261 1151 478 1198 monachi
508 1152 775 1216 benigniter
801 1170 909 1198 eum
934 1153 1160 1199 consolati
1184 1164 1320 1209 sunt,
1350 1155 1488 1199 totis-

81 1246 173 1293 que
198 1227 378 1274 nisibus
402 1229 522 1293 apud
549 1229 697 1275 Deum
719 1240 764 1275 et
789 1229 1003 1275 homines
1030 1229 1329 1292 adjuverunt„
1351 1230 1487 1276 Unde

82 1306 285 1351 amicitia
311 1323 415 1370 erga
444 1306 548 1352 illos
576 1307 622 1352 in
649 1307 750 1369 ipso
775 1306 958 1352 firmior
983 1308 1187 1352 excrevit
1204 1342 1215 1361 ‚
1243 1317 1287 1352 et
1311 1306 1367 1352 de
1394 1308 1489 1370 pal-

85 1383 138 1428 lis
164 1383 262 1446 (1),
286 1401 398 1448 quas
422 1384 517 1448 ipse
536 1383 592 1430 de
618 1384 784 1446 Apulia
805 1383 1057 1439 detulerat,
1084 1394 1289 1448 quatuor
1308 1385 1489 1448 pretio-

83 1461 225 1507 siores
262 1461 310 1506 S.
344 1460 548 1508 Ebrulfo
578 1460 779 1515 obtulit3
811 1479 865 1507 ex
895 1460 1066 1525 quibus
1097 1471 1302 1524 quatuor
1331 1479 1488 1525 cappae

84 1548 333 1584 cantorum
367 1539 414 1584 in
451 1537 609 1585 eadem
639 1537 774 1583 factae
812 1548 922 1583 sunt
952 1538 1166 1593 ecelesia,
1205 1556 1312 1602 quae
1342 1556 1488 1603 usque

84 1613 222 1661 hodie
250 1615 306 1661 ad
327 1615 473 1660 divini
498 1614 713 1661 decorem
735 1614 912 1660 servitii
939 1625 1186 1660 servantur
1208 1614 1398 1661 ibidem.

146 1695 258 1741 Post
292 1703 497 1739 mortem
534 1691 775 1737 Guillelmi
813 1692 934 1755 regis
968 1692 1268 1755 Anglorum‚
1315 1693 1488 1738 iterum

82 1770 355 1817 Willelmus
369 1770 591 1833 Apuliam
606 1770 825 1833 expetiit,
847 1780 918 1825 et,
941 1770 1048 1815 inde
1064 1769 1178 1814 dum
1198 1769 1390 1826 rediret,
1412 1788 1486 1816 re-

83 1847 250 1910 liquias
277 1846 489 1909 corporis
516 1844 771 1890 beatissimi
796 1844 967 1890 Christi
996 1845 1275 1891 confessoris
1304 1845 1486 1892 Nicolai

83 1923 280 1980 detulit,
306 1934 351 1968 et
380 1923 426 1966 in
455 1922 645 1967 ecclesia
665 1921 719 1965 Β.
747 1921 872 1966 Petri
896 1922 966 1984 (2)
991 1921 1113 1984 apud
1139 1922 1306 1967 Norun
1331 1922 1387 1967 ad
1410 1922 1488 1968 de-

86 2018 165 2046 cus
189 1999 390 2064 ejusdem
424 1999 513 2045 loci
545 1998 810 2044 collocavit.
843 1999 1006 2044 Postea
1038 1996 1279 2045 monachis
1312 1997 1486 2044 ibidem

86 2075 363 2141 degentibus
382 2073 510 2121 dedit
532 2091 682 2120 unum
701 2074 966 2119 manerium
987 2075 1034 2119 in
1058 2074 1247 2137 Anglia‚
1269 2074 1398 2138 quod
1422 2075 1490 2121 ‹li-

88 2154 212 2199 citur
230 2151 486 2198 Traditona
508 2150 580 2212 (5)
594 2185 606 2206 ,
633 2160 680 2196 et
699 2149 1026 2197 molendinum
1045 2160 1092 2195 et
1112 2150 1352 2197 ecclesiam
1375 2153 1490 2214 ejus-

87 2230 193 2276 dem
204 2228 346 2285 villae,
360 2243 643 2290 omnemque
654 2226 878 2272 decimam
890 2243 965 2272 sex
976 2226 1194 2271 villarum
1209 2228 1268 2274 ad
1279 2226 1488 2273 eamdem

88 2305 327 2351 ecclesiam
345 2303 681 2367 pertinentem.

137 2471 185 2514 (ι)
211 2460 341 2502 Etoffes
356 2467 401 2501 de
415 2466 504 2509 soie,
525 2464 676 2499 brodees
693 2464 782 2505 d’or,
797 2464 886 2498 dont
902 2477 947 2499 on
964 2477 999 2498 se
1015 2466 1144 2499 servait
1157 2465 1484 2511 particulibiemon¹

92 2544 184 2578 pour
199 2530 341 2565 couvrir
358 2527 409 2562 les
423 2526 549 2561 autels.
570 2526 665 2560 C’est
684 2524 728 2559 de
746 2537 785 2559 ce
802 2532 877 2559 mot
893 2526 1009 2572 qu'est
1025 2538 1116 2561 venu
1131 2526 1163 2561 le
1178 2533 1293 2561 terme
1308 2526 1352 2560 de
1367 2526 1487 2561 blason

90 2590 215 2635 Jmillc',
236 2588 299 2635 qui
320 2599 337 2620 a
354 2586 386 2620 la
409 2586 525 2620 meme
544 2583 799 2630 signification.

138 2651 190 2692 (2)
216 2646 366 2693 L'eglise
386 2644 432 2678 du
456 2644 599 2690 prieure
620 2642 665 2676 de
687 2642 825 2677 Noron.

140 2707 187 2751 (5)
212 2708 388 2749 Tintton,
414 2704 499 2738 dans
518 2703 549 2735 10
569 2703 685 2736 comte
702 2701 745 2735 de
765 2701 903 2735 Sussex.

192 2784 241 2812 11.
1246 2766 1300 2808 5).ss
