<?xml version="1.0" encoding="UTF-8"?>
<!DOCTYPE html PUBLIC "-//W3C//DTD XHTML 1.0 Transitional//EN"
    "http://www.w3.org/TR/xhtml1/DTD/xhtml1-transitional.dtd">
<html xmlns="http://www.w3.org/1999/xhtml" xml:lang="en" lang="en">
 <head>
  <title>
</title>
<meta http-equiv="Content-Type" content="text/html;charset=utf-8" />
  <meta name='ocr-system' content='tesseract 3.04.00' />
  <meta name='ocr-capabilities' content='ocr_page ocr_carea ocr_par ocr_line ocrx_word'/>
</head>
<body>
  <div class='ocr_page' id='page_1' title='image "./ordericivitalish02ordeuoft/ordericivitalish02ordeuoft_0501.png"; bbox 0 0 1951 3194; ppageno 0'>
   <div class='ocr_carea' id='block_1_1' title="bbox 553 259 1479 309">
    <p class='ocr_par' dir='ltr' id='par_1_1' title="bbox 553 259 1479 309">
     <span class='ocr_line' id='line_1_1' title="bbox 553 259 1479 309; baseline -0.001 -11"><span class='ocrx_word' id='word_1_1' title='bbox 553 259 707 298; x_wconf 88' lang='lat' dir='ltr'>LIBER</span> <span class='ocrx_word' id='word_1_2' title='bbox 736 259 978 309; x_wconf 88' lang='lat' dir='ltr'><strong>QUINTUS.</strong></span> <span class='ocrx_word' id='word_1_3' title='bbox 1406 261 1479 298; x_wconf 81' lang='lat'>331</span> 
     </span>
    </p>
   </div>
   <div class='ocr_carea' id='block_1_2' title="bbox 66 337 1499 2033">
    <p class='ocr_par' dir='ltr' id='par_1_2' title="bbox 66 337 1491 1099">
     <span class='ocr_line' id='line_1_2' title="bbox 66 337 1487 404; baseline -0.002 -17"><span class='ocrx_word' id='word_1_4' title='bbox 66 340 217 388; x_wconf 88' lang='lat' dir='ltr'>adhuc</span> <span class='ocrx_word' id='word_1_5' title='bbox 240 339 456 404; x_wconf 82' lang='lat' dir='ltr'><strong>quotidie</strong></span> <span class='ocrx_word' id='word_1_6' title='bbox 480 339 620 386; x_wconf 88' lang='lat' dir='ltr'>fiunt.</span> <span class='ocrx_word' id='word_1_7' title='bbox 648 340 848 387; x_wconf 84' lang='lat' dir='ltr'>Daemon</span> <span class='ocrx_word' id='word_1_8' title='bbox 874 340 1002 387; x_wconf 85' lang='lat' dir='ltr'>enim</span> <span class='ocrx_word' id='word_1_9' title='bbox 1018 374 1032 396; x_wconf 90' lang='lat'>,</span> <span class='ocrx_word' id='word_1_10' title='bbox 1064 355 1207 404; x_wconf 88' lang='lat' dir='ltr'>quem</span> <span class='ocrx_word' id='word_1_11' title='bbox 1237 337 1295 386; x_wconf 90' lang='lat' dir='ltr'>de</span> <span class='ocrx_word' id='word_1_12' title='bbox 1323 337 1487 387; x_wconf 73' lang='lat' dir='ltr'>Dianae</span> 
     </span>
     <span class='ocr_line' id='line_1_3' title="bbox 66 414 1487 482; baseline -0.003 -18"><span class='ocrx_word' id='word_1_13' title='bbox 66 417 179 464; x_wconf 84' lang='lat' dir='ltr'>fano</span> <span class='ocrx_word' id='word_1_14' title='bbox 203 416 411 482; x_wconf 83' lang='lat' dir='ltr'>expulit,</span> <span class='ocrx_word' id='word_1_15' title='bbox 438 416 590 463; x_wconf 85' lang='lat' dir='ltr'>adhuc</span> <span class='ocrx_word' id='word_1_16' title='bbox 614 417 663 463; x_wconf 93' lang='lat' dir='ltr'>in</span> <span class='ocrx_word' id='word_1_17' title='bbox 688 416 848 464; x_wconf 90' lang='lat' dir='ltr'>eadem</span> <span class='ocrx_word' id='word_1_18' title='bbox 873 416 992 463; x_wconf 88' lang='lat' dir='ltr'>urbe</span> <span class='ocrx_word' id='word_1_19' title='bbox 1013 415 1168 481; x_wconf 84' lang='lat' dir='ltr'>degit,</span> <span class='ocrx_word' id='word_1_20' title='bbox 1196 426 1244 464; x_wconf 91' lang='lat' dir='ltr'>et</span> <span class='ocrx_word' id='word_1_21' title='bbox 1273 415 1322 462; x_wconf 88' lang='lat' dir='ltr'>in</span> <span class='ocrx_word' id='word_1_22' title='bbox 1348 414 1487 461; x_wconf 86' lang='lat' dir='ltr'>variis</span> 
     </span>
     <span class='ocr_line' id='line_1_4' title="bbox 66 493 1484 560; baseline -0.001 -20"><span class='ocrx_word' id='word_1_23' title='bbox 66 493 344 560; x_wconf 88' lang='lat' dir='ltr'>frequenter</span> <span class='ocrx_word' id='word_1_24' title='bbox 378 495 546 542; x_wconf 86' lang='lat' dir='ltr'>formis</span> <span class='ocrx_word' id='word_1_25' title='bbox 583 512 837 559; x_wconf 83' lang='lat' dir='ltr'>apparens,</span> <span class='ocrx_word' id='word_1_26' title='bbox 875 495 1118 541; x_wconf 86' lang='lat' dir='ltr'>neminem</span> <span class='ocrx_word' id='word_1_27' title='bbox 1157 493 1304 543; x_wconf 84' lang='lat' dir='ltr'>laedit.</span> <span class='ocrx_word' id='word_1_28' title='bbox 1344 494 1484 540; x_wconf 87' lang='lat' dir='ltr'>Hunc</span> 
     </span>
     <span class='ocr_line' id='line_1_5' title="bbox 68 570 1489 636; baseline 0 -19"><span class='ocrx_word' id='word_1_29' title='bbox 68 571 235 636; x_wconf 84' lang='lat' dir='ltr'>vulgus</span> <span class='ocrx_word' id='word_1_30' title='bbox 258 570 550 619; x_wconf 89' lang='lat' dir='ltr'>Gobelinum</span> <span class='ocrx_word' id='word_1_31' title='bbox 570 571 799 636; x_wconf 86' lang='lat' dir='ltr'>appellat,</span> <span class='ocrx_word' id='word_1_32' title='bbox 827 582 873 618; x_wconf 87' lang='lat' dir='ltr'>et</span> <span class='ocrx_word' id='word_1_33' title='bbox 895 589 980 635; x_wconf 86' lang='lat' dir='ltr'>per</span> <span class='ocrx_word' id='word_1_34' title='bbox 1002 572 1171 619; x_wconf 83' lang='lat' dir='ltr'>merita</span> <span class='ocrx_word' id='word_1_35' title='bbox 1194 571 1342 618; x_wconf 85' lang='lat' dir='ltr'>sancti</span> <span class='ocrx_word' id='word_1_36' title='bbox 1366 572 1489 617; x_wconf 86' lang='lat' dir='ltr'>Tau-</span> 
     </span>
     <span class='ocr_line' id='line_1_6' title="bbox 69 647 1489 714; baseline -0.001 -19"><span class='ocrx_word' id='word_1_37' title='bbox 69 649 164 695; x_wconf 86' lang='lat' dir='ltr'>rini</span> <span class='ocrx_word' id='word_1_38' title='bbox 191 647 249 695; x_wconf 86' lang='lat' dir='ltr'>ab</span> <span class='ocrx_word' id='word_1_39' title='bbox 276 648 478 695; x_wconf 88' lang='lat' dir='ltr'>humana</span> <span class='ocrx_word' id='word_1_40' title='bbox 510 649 703 698; x_wconf 82' lang='lat' dir='ltr'>laesione</span> <span class='ocrx_word' id='word_1_41' title='bbox 732 649 995 696; x_wconf 72' lang='lat' dir='ltr'>coercitum</span> <span class='ocrx_word' id='word_1_42' title='bbox 1020 667 1169 714; x_wconf 85' lang='lat' dir='ltr'>usque</span> <span class='ocrx_word' id='word_1_43' title='bbox 1196 649 1335 697; x_wconf 89' lang='lat' dir='ltr'>hodie</span> <span class='ocrx_word' id='word_1_44' title='bbox 1360 649 1489 696; x_wconf 86' lang='lat' dir='ltr'>affir-</span> 
     </span>
     <span class='ocr_line' id='line_1_7' title="bbox 70 726 1491 791; baseline 0.001 -19"><span class='ocrx_word' id='word_1_45' title='bbox 70 737 184 773; x_wconf 87' lang='lat' dir='ltr'>mat.</span> <span class='ocrx_word' id='word_1_46' title='bbox 213 726 277 773; x_wconf 89' lang='lat' dir='ltr'>Et</span> <span class='ocrx_word' id='word_1_47' title='bbox 306 727 413 791; x_wconf 88' lang='lat' dir='ltr'>quia</span> <span class='ocrx_word' id='word_1_48' title='bbox 438 727 577 790; x_wconf 89' lang='lat' dir='ltr'>jussis</span> <span class='ocrx_word' id='word_1_49' title='bbox 601 727 747 773; x_wconf 83' lang='lat' dir='ltr'>sancti</span> <span class='ocrx_word' id='word_1_50' title='bbox 776 727 1000 772; x_wconf 86' lang='lat' dir='ltr'>antistitis</span> <span class='ocrx_word' id='word_1_51' title='bbox 1031 744 1112 773; x_wconf 86' lang='lat' dir='ltr'>sua</span> <span class='ocrx_word' id='word_1_52' title='bbox 1139 727 1403 791; x_wconf 81' lang='lat' dir='ltr'>frangendo</span> <span class='ocrx_word' id='word_1_53' title='bbox 1432 728 1491 773; x_wconf 86' lang='lat' dir='ltr'>si-</span> 
     </span>
     <span class='ocr_line' id='line_1_8' title="bbox 71 802 1489 861; baseline -0.001 -11"><span class='ocrx_word' id='word_1_54' title='bbox 71 804 277 850; x_wconf 76' lang='lat' dir='ltr'>mulacra</span> <span class='ocrx_word' id='word_1_55' title='bbox 297 802 652 861; x_wconf 81' lang='lat' dir='ltr'><strong>obsecundavit,</strong></span> <span class='ocrx_word' id='word_1_56' title='bbox 668 804 715 850; x_wconf 86' lang='lat' dir='ltr'>in</span> <span class='ocrx_word' id='word_1_57' title='bbox 728 802 1008 850; x_wconf 82' lang='lat' dir='ltr'><strong>barathrum</strong></span> <span class='ocrx_word' id='word_1_58' title='bbox 1024 821 1123 850; x_wconf 89' lang='lat' dir='ltr'>non</span> <span class='ocrx_word' id='word_1_59' title='bbox 1139 804 1298 849; x_wconf 86' lang='lat' dir='ltr'>statim</span> <span class='ocrx_word' id='word_1_60' title='bbox 1309 822 1489 850; x_wconf 83' lang='lat' dir='ltr'>mersus</span> 
     </span>
     <span class='ocr_line' id='line_1_9' title="bbox 71 880 1491 945; baseline -0.001 -17"><span class='ocrx_word' id='word_1_61' title='bbox 71 882 188 938; x_wconf 85' lang='lat' dir='ltr'>fuit;</span> <span class='ocrx_word' id='word_1_62' title='bbox 223 880 301 928; x_wconf 87' lang='lat' dir='ltr'>sed</span> <span class='ocrx_word' id='word_1_63' title='bbox 334 882 382 927; x_wconf 83' lang='lat' dir='ltr'>in</span> <span class='ocrx_word' id='word_1_64' title='bbox 413 881 521 928; x_wconf 92' lang='lat' dir='ltr'>loco</span> <span class='ocrx_word' id='word_1_65' title='bbox 553 880 634 927; x_wconf 88' lang='lat' dir='ltr'>ubi</span> <span class='ocrx_word' id='word_1_66' title='bbox 665 892 941 945; x_wconf 82' lang='lat' dir='ltr'>regnaverat</span> <span class='ocrx_word' id='word_1_67' title='bbox 972 898 1139 945; x_wconf 82' lang='lat' dir='ltr'>poenas</span> <span class='ocrx_word' id='word_1_68' title='bbox 1177 881 1290 938; x_wconf 89' lang='lat' dir='ltr'>luit,</span> <span class='ocrx_word' id='word_1_69' title='bbox 1326 881 1491 928; x_wconf 85' lang='lat' dir='ltr'>videns</span> 
     </span>
     <span class='ocr_line' id='line_1_10' title="bbox 70 958 1489 1024; baseline 0 -20"><span class='ocrx_word' id='word_1_70' title='bbox 70 959 234 1013; x_wconf 82' lang='lat' dir='ltr'>salvari</span> <span class='ocrx_word' id='word_1_71' title='bbox 271 959 516 1017; x_wconf 87' lang='lat' dir='ltr'>homines,</span> <span class='ocrx_word' id='word_1_72' title='bbox 549 958 723 1024; x_wconf 86' lang='lat' dir='ltr'>quibus</span> <span class='ocrx_word' id='word_1_73' title='bbox 746 958 1025 1023; x_wconf 83' lang='lat' dir='ltr'>jamdudum</span> <span class='ocrx_word' id='word_1_74' title='bbox 1054 958 1110 1004; x_wconf 90' lang='lat' dir='ltr'>ad</span> <span class='ocrx_word' id='word_1_75' title='bbox 1143 958 1489 1006; x_wconf 81' lang='lat' dir='ltr'>detrimentum</span> 
     </span>
     <span class='ocr_line' id='line_1_11' title="bbox 70 1035 740 1099; baseline 0.001 -17"><span class='ocrx_word' id='word_1_76' title='bbox 70 1035 354 1083; x_wconf 84' lang='lat' dir='ltr'>multimode</span> <span class='ocrx_word' id='word_1_77' title='bbox 378 1036 622 1082; x_wconf 87' lang='lat' dir='ltr'>insultavit</span> <span class='ocrx_word' id='word_1_78' title='bbox 648 1038 691 1099; x_wconf 88' lang='lat'>(1</span> <span class='ocrx_word' id='word_1_79' title='bbox 703 1039 720 1099; x_wconf 76' lang='lat'>)</span> <span class='ocrx_word' id='word_1_80' title='bbox 731 1074 740 1083; x_wconf 88' lang='lat'><strong><em>.</em></strong></span> 
     </span>
    </p>

    <p class='ocr_par' dir='ltr' id='par_1_3' title="bbox 72 1114 1499 1955">
     <span class='ocr_line' id='line_1_12' title="bbox 136 1114 1489 1179; baseline 0 -19"><span class='ocrx_word' id='word_1_81' title='bbox 136 1116 305 1162; x_wconf 83' lang='lat' dir='ltr'>Fertur</span> <span class='ocrx_word' id='word_1_82' title='bbox 347 1115 473 1161; x_wconf 84' lang='lat' dir='ltr'>aliud</span> <span class='ocrx_word' id='word_1_83' title='bbox 512 1114 570 1161; x_wconf 81' lang='lat' dir='ltr'>ab</span> <span class='ocrx_word' id='word_1_84' title='bbox 608 1116 801 1171; x_wconf 85' lang='lat' dir='ltr'>incolis,</span> <span class='ocrx_word' id='word_1_85' title='bbox 842 1127 886 1162; x_wconf 87' lang='lat' dir='ltr'>et</span> <span class='ocrx_word' id='word_1_86' title='bbox 927 1127 995 1163; x_wconf 84' lang='lat' dir='ltr'>est</span> <span class='ocrx_word' id='word_1_87' title='bbox 1035 1132 1230 1169; x_wconf 73' lang='lat' dir='ltr'>verum,</span> <span class='ocrx_word' id='word_1_88' title='bbox 1273 1115 1403 1179; x_wconf 77' lang='lat' dir='ltr'>quod</span> <span class='ocrx_word' id='word_1_89' title='bbox 1443 1115 1489 1160; x_wconf 87' lang='lat' dir='ltr'>in</span> 
     </span>
     <span class='ocr_line' id='line_1_13' title="bbox 72 1192 1489 1258; baseline 0.001 -20"><span class='ocrx_word' id='word_1_90' title='bbox 72 1192 347 1240; x_wconf 84' lang='lat' dir='ltr'>Ebroieensi</span> <span class='ocrx_word' id='word_1_91' title='bbox 394 1193 512 1240; x_wconf 80' lang='lat' dir='ltr'>urbe</span> <span class='ocrx_word' id='word_1_92' title='bbox 556 1194 730 1240; x_wconf 85' lang='lat' dir='ltr'>animal</span> <span class='ocrx_word' id='word_1_93' title='bbox 775 1195 930 1240; x_wconf 88' lang='lat' dir='ltr'>vivere</span> <span class='ocrx_word' id='word_1_94' title='bbox 971 1194 1139 1258; x_wconf 83' lang='lat' dir='ltr'>nequit</span> <span class='ocrx_word' id='word_1_95' title='bbox 1183 1203 1489 1240; x_wconf 82' lang='lat' dir='ltr'>venenatum.</span> 
     </span>
     <span class='ocr_line' id='line_1_14' title="bbox 73 1271 1493 1336; baseline 0 -20"><span class='ocrx_word' id='word_1_96' title='bbox 73 1271 192 1317; x_wconf 83' lang='lat' dir='ltr'>Nam</span> <span class='ocrx_word' id='word_1_97' title='bbox 219 1272 409 1336; x_wconf 81' lang='lat' dir='ltr'>pinguis</span> <span class='ocrx_word' id='word_1_98' title='bbox 443 1271 614 1317; x_wconf 77' lang='lat' dir='ltr'>humus</span> <span class='ocrx_word' id='word_1_99' title='bbox 647 1272 828 1318; x_wconf 77' lang='lat' dir='ltr'>imbuta</span> <span class='ocrx_word' id='word_1_100' title='bbox 858 1272 1049 1319; x_wconf 87' lang='lat' dir='ltr'>fluentis</span> <span class='ocrx_word' id='word_1_101' title='bbox 1077 1273 1251 1318; x_wconf 80' lang='lat' dir='ltr'>Ittonae</span> <span class='ocrx_word' id='word_1_102' title='bbox 1281 1271 1493 1317; x_wconf 86' lang='lat' dir='ltr'>fluminis</span> 
     </span>
     <span class='ocr_line' id='line_1_15' title="bbox 75 1348 1494 1415; baseline 0.001 -21"><span class='ocrx_word' id='word_1_103' title='bbox 75 1348 297 1395; x_wconf 80' lang='lat' dir='ltr'>colubros</span> <span class='ocrx_word' id='word_1_104' title='bbox 322 1360 368 1396; x_wconf 86' lang='lat' dir='ltr'>et</span> <span class='ocrx_word' id='word_1_105' title='bbox 392 1361 630 1413; x_wconf 76' lang='lat' dir='ltr'>serpentes</span> <span class='ocrx_word' id='word_1_106' title='bbox 650 1350 886 1414; x_wconf 78' lang='lat' dir='ltr'>pariebat,</span> <span class='ocrx_word' id='word_1_107' title='bbox 914 1362 959 1398; x_wconf 88' lang='lat' dir='ltr'>et</span> <span class='ocrx_word' id='word_1_108' title='bbox 982 1350 1250 1415; x_wconf 84' lang='lat' dir='ltr'>hujusmodi</span> <span class='ocrx_word' id='word_1_109' title='bbox 1275 1351 1494 1397; x_wconf 85' lang='lat' dir='ltr'>animan-</span> 
     </span>
     <span class='ocr_line' id='line_1_16' title="bbox 75 1423 1491 1473; baseline 0.001 -3"><span class='ocrx_word' id='word_1_110' title='bbox 75 1423 201 1471; x_wconf 85' lang='lat' dir='ltr'>tibus</span> <span class='ocrx_word' id='word_1_111' title='bbox 228 1424 429 1472; x_wconf 78' lang='lat' dir='ltr'>Ebroica</span> <span class='ocrx_word' id='word_1_112' title='bbox 458 1427 618 1472; x_wconf 78' lang='lat' dir='ltr'>civitas</span> <span class='ocrx_word' id='word_1_113' title='bbox 642 1427 783 1473; x_wconf 85' lang='lat' dir='ltr'>nimis</span> <span class='ocrx_word' id='word_1_114' title='bbox 807 1426 1094 1473; x_wconf 73' lang='lat' dir='ltr'>abundabat.</span> <span class='ocrx_word' id='word_1_115' title='bbox 1118 1426 1311 1472; x_wconf 74' lang='lat' dir='ltr'>Civibus</span> <span class='ocrx_word' id='word_1_116' title='bbox 1335 1436 1491 1473; x_wconf 84' lang='lat' dir='ltr'>autem</span> 
     </span>
     <span class='ocr_line' id='line_1_17' title="bbox 75 1504 1496 1569; baseline 0.001 -21"><span class='ocrx_word' id='word_1_117' title='bbox 75 1520 165 1566; x_wconf 87' lang='lat' dir='ltr'>pro</span> <span class='ocrx_word' id='word_1_118' title='bbox 197 1504 276 1548; x_wconf 86' lang='lat' dir='ltr'>tali</span> <span class='ocrx_word' id='word_1_119' title='bbox 308 1514 436 1567; x_wconf 86' lang='lat' dir='ltr'>peste</span> <span class='ocrx_word' id='word_1_120' title='bbox 465 1505 897 1569; x_wconf 72' lang='lat' dir='ltr'>conquerentibus,</span> <span class='ocrx_word' id='word_1_121' title='bbox 933 1506 1207 1568; x_wconf 81' lang='lat' dir='ltr'>deprecatus</span> <span class='ocrx_word' id='word_1_122' title='bbox 1239 1515 1307 1551; x_wconf 81' lang='lat' dir='ltr'>est</span> <span class='ocrx_word' id='word_1_123' title='bbox 1335 1504 1496 1550; x_wconf 81' lang='lat' dir='ltr'>domi-</span> 
     </span>
     <span class='ocr_line' id='line_1_18' title="bbox 75 1580 1495 1639; baseline 0.001 -13"><span class='ocrx_word' id='word_1_124' title='bbox 75 1599 193 1626; x_wconf 88' lang='lat' dir='ltr'>num</span> <span class='ocrx_word' id='word_1_125' title='bbox 225 1580 387 1628; x_wconf 77' lang='lat' dir='ltr'>beatus</span> <span class='ocrx_word' id='word_1_126' title='bbox 417 1583 676 1639; x_wconf 81' lang='lat' dir='ltr'>Taurinus,</span> <span class='ocrx_word' id='word_1_127' title='bbox 710 1595 763 1629; x_wconf 91' lang='lat' dir='ltr'>ut</span> <span class='ocrx_word' id='word_1_128' title='bbox 791 1583 961 1630; x_wconf 82' lang='lat' dir='ltr'>urbem</span> <span class='ocrx_word' id='word_1_129' title='bbox 987 1582 1046 1628; x_wconf 80' lang='lat' dir='ltr'>ab</span> <span class='ocrx_word' id='word_1_130' title='bbox 1073 1581 1162 1629; x_wconf 79' lang='lat' dir='ltr'>hoe</span> <span class='ocrx_word' id='word_1_131' title='bbox 1187 1581 1495 1629; x_wconf 75' lang='lat' dir='ltr'>incommodo</span> 
     </span>
     <span class='ocr_line' id='line_1_19' title="bbox 76 1657 1499 1724; baseline 0.001 -21"><span class='ocrx_word' id='word_1_132' title='bbox 76 1657 324 1715; x_wconf 81' lang='lat' dir='ltr'>liberaret,</span> <span class='ocrx_word' id='word_1_133' title='bbox 352 1677 438 1706; x_wconf 86' lang='lat' dir='ltr'>uec</span> <span class='ocrx_word' id='word_1_134' title='bbox 459 1660 656 1707; x_wconf 84' lang='lat' dir='ltr'>ulterius</span> <span class='ocrx_word' id='word_1_135' title='bbox 679 1672 965 1708; x_wconf 80' lang='lat' dir='ltr'>venenatum</span> <span class='ocrx_word' id='word_1_136' title='bbox 988 1661 1156 1724; x_wconf 82' lang='lat' dir='ltr'>reptile</span> <span class='ocrx_word' id='word_1_137' title='bbox 1177 1661 1298 1706; x_wconf 86' lang='lat' dir='ltr'>intra</span> <span class='ocrx_word' id='word_1_138' title='bbox 1320 1660 1499 1705; x_wconf 85' lang='lat' dir='ltr'>moenia</span> 
     </span>
     <span class='ocr_line' id='line_1_20' title="bbox 78 1734 1497 1785; baseline 0.001 -5"><span class='ocrx_word' id='word_1_139' title='bbox 78 1734 208 1782; x_wconf 85' lang='lat' dir='ltr'>urbis</span> <span class='ocrx_word' id='word_1_140' title='bbox 233 1737 392 1784; x_wconf 80' lang='lat' dir='ltr'>vivere</span> <span class='ocrx_word' id='word_1_141' title='bbox 418 1738 605 1784; x_wconf 85' lang='lat' dir='ltr'>sineret.</span> <span class='ocrx_word' id='word_1_142' title='bbox 635 1738 795 1784; x_wconf 80' lang='lat' dir='ltr'>Oravit</span> <span class='ocrx_word' id='word_1_143' title='bbox 829 1749 877 1784; x_wconf 90' lang='lat' dir='ltr'>et</span> <span class='ocrx_word' id='word_1_144' title='bbox 904 1738 1149 1785; x_wconf 81' lang='lat' dir='ltr'>exauditus</span> <span class='ocrx_word' id='word_1_145' title='bbox 1183 1749 1269 1784; x_wconf 81' lang='lat' dir='ltr'>est.</span> <span class='ocrx_word' id='word_1_146' title='bbox 1306 1739 1353 1784; x_wconf 91' lang='lat' dir='ltr'>Si</span> <span class='ocrx_word' id='word_1_147' title='bbox 1389 1755 1497 1783; x_wconf 82' lang='lat' dir='ltr'>casu</span> 
     </span>
     <span class='ocr_line' id='line_1_21' title="bbox 79 1811 1498 1870; baseline 0.002 -13"><span class='ocrx_word' id='word_1_148' title='bbox 79 1811 273 1859; x_wconf 83' lang='lat' dir='ltr'>coluber</span> <span class='ocrx_word' id='word_1_149' title='bbox 298 1831 377 1859; x_wconf 78' lang='lat' dir='ltr'>seu</span> <span class='ocrx_word' id='word_1_150' title='bbox 409 1812 527 1861; x_wconf 82' lang='lat' dir='ltr'>bufo</span> <span class='ocrx_word' id='word_1_151' title='bbox 562 1816 609 1861; x_wconf 81' lang='lat' dir='ltr'>in</span> <span class='ocrx_word' id='word_1_152' title='bbox 636 1815 859 1862; x_wconf 76' lang='lat' dir='ltr'>fasciculo</span> <span class='ocrx_word' id='word_1_153' title='bbox 891 1815 1050 1862; x_wconf 74' lang='lat' dir='ltr'>herbae</span> <span class='ocrx_word' id='word_1_154' title='bbox 1080 1815 1311 1870; x_wconf 82' lang='lat' dir='ltr'>defertur,</span> <span class='ocrx_word' id='word_1_155' title='bbox 1339 1816 1498 1861; x_wconf 83' lang='lat' dir='ltr'>statim</span> 
     </span>
     <span class='ocr_line' id='line_1_22' title="bbox 78 1889 1273 1955; baseline 0.003 -21"><span class='ocrx_word' id='word_1_156' title='bbox 78 1889 192 1935; x_wconf 86' lang='lat' dir='ltr'>dum</span> <span class='ocrx_word' id='word_1_157' title='bbox 219 1890 341 1935; x_wconf 85' lang='lat' dir='ltr'>intra</span> <span class='ocrx_word' id='word_1_158' title='bbox 366 1908 528 1938; x_wconf 85' lang='lat' dir='ltr'>muros</span> <span class='ocrx_word' id='word_1_159' title='bbox 552 1891 684 1937; x_wconf 85' lang='lat' dir='ltr'>urbis</span> <span class='ocrx_word' id='word_1_160' title='bbox 710 1893 918 1946; x_wconf 82' lang='lat' dir='ltr'>venerit,</span> <span class='ocrx_word' id='word_1_161' title='bbox 947 1893 1154 1938; x_wconf 86' lang='lat' dir='ltr'>moritur</span> <span class='ocrx_word' id='word_1_162' title='bbox 1180 1892 1273 1955; x_wconf 79' lang='lat'><strong>(2).</strong></span> 
     </span>
    </p>

    <p class='ocr_par' dir='ltr' id='par_1_4' title="bbox 145 1967 1496 2033">
     <span class='ocr_line' id='line_1_23' title="bbox 145 1967 1496 2033; baseline 0.001 -21"><span class='ocrx_word' id='word_1_163' title='bbox 145 1967 256 2013; x_wconf 86' lang='lat' dir='ltr'>Post</span> <span class='ocrx_word' id='word_1_164' title='bbox 295 1967 492 2031; x_wconf 77' lang='lat' dir='ltr'>longum</span> <span class='ocrx_word' id='word_1_165' title='bbox 528 1978 709 2032; x_wconf 85' lang='lat' dir='ltr'>tempus</span> <span class='ocrx_word' id='word_1_166' title='bbox 741 1969 907 2033; x_wconf 80' lang='lat' dir='ltr'>religio</span> <span class='ocrx_word' id='word_1_167' title='bbox 932 1968 1196 2015; x_wconf 76' lang='lat' dir='ltr'>Christiana</span> <span class='ocrx_word' id='word_1_168' title='bbox 1235 1970 1409 2024; x_wconf 80' lang='lat' dir='ltr'>crevit,</span> <span class='ocrx_word' id='word_1_169' title='bbox 1449 1979 1496 2015; x_wconf 88' lang='lat' dir='ltr'>et</span> 
     </span>
    </p>
   </div>
   <div class='ocr_carea' id='block_1_3' title="bbox 82 2172 1500 2695">
    <p class='ocr_par' dir='ltr' id='par_1_5' title="bbox 82 2172 1500 2278">
     <span class='ocr_line' id='line_1_24' title="bbox 82 2172 1500 2222; baseline 0 -16"><span class='ocrx_word' id='word_1_170' title='bbox 82 2179 224 2206; x_wconf 80' lang='lat' dir='ltr'>auteur.</span> <span class='ocrx_word' id='word_1_171' title='bbox 246 2172 348 2206; x_wconf 74' lang='lat' dir='ltr'>Nous</span> <span class='ocrx_word' id='word_1_172' title='bbox 363 2174 537 2218; x_wconf 75' lang='lat' dir='ltr'>ignorons</span> <span class='ocrx_word' id='word_1_173' title='bbox 555 2175 573 2206; x_wconf 67' lang='lat' dir='ltr'>a</span> <span class='ocrx_word' id='word_1_174' title='bbox 595 2173 714 2219; x_wconf 87' lang='lat' dir='ltr'>quelle</span> <span class='ocrx_word' id='word_1_175' title='bbox 728 2185 855 2208; x_wconf 85' lang='lat' dir='ltr'>source</span> <span class='ocrx_word' id='word_1_176' title='bbox 869 2173 895 2207; x_wconf 77' lang='lat' dir='ltr'>il</span> <span class='ocrx_word' id='word_1_177' title='bbox 909 2187 928 2208; x_wconf 88' lang='lat' dir='ltr'>a</span> <span class='ocrx_word' id='word_1_178' title='bbox 944 2187 992 2221; x_wconf 80' lang='lat' dir='ltr'>pu</span> <span class='ocrx_word' id='word_1_179' title='bbox 1008 2182 1223 2222; x_wconf 85' lang='lat' dir='ltr'>emprunter</span> <span class='ocrx_word' id='word_1_180' title='bbox 1241 2174 1291 2208; x_wconf 80' lang='lat' dir='ltr'>les</span> <span class='ocrx_word' id='word_1_181' title='bbox 1304 2173 1500 2208; x_wconf 85' lang='lat' dir='ltr'>traditions</span> 
     </span>
     <span class='ocr_line' id='line_1_25' title="bbox 82 2231 319 2278; baseline 0 -13"><span class='ocrx_word' id='word_1_182' title='bbox 82 2231 145 2278; x_wconf 85' lang='lat' dir='ltr'>qui</span> <span class='ocrx_word' id='word_1_183' title='bbox 165 2231 319 2265; x_wconf 87' lang='lat' dir='ltr'>suivent.</span> 
     </span>
    </p>

    <p class='ocr_par' dir='ltr' id='par_1_6' title="bbox 84 2290 1498 2509">
     <span class='ocr_line' id='line_1_26' title="bbox 130 2290 1497 2339; baseline 0.001 -15"><span class='ocrx_word' id='word_1_184' title='bbox 130 2294 180 2333; x_wconf 67' lang='grc' dir='ltr'>μ)</span> <span class='ocrx_word' id='word_1_185' title='bbox 209 2290 271 2326; x_wconf 87' lang='lat' dir='ltr'>On</span> <span class='ocrx_word' id='word_1_186' title='bbox 300 2292 475 2325; x_wconf 82' lang='lat' dir='ltr'>montrait</span> <span class='ocrx_word' id='word_1_187' title='bbox 500 2291 595 2337; x_wconf 88' lang='lat' dir='ltr'>jadis</span> <span class='ocrx_word' id='word_1_188' title='bbox 628 2294 647 2326; x_wconf 61' lang='lat' dir='ltr'>i«</span> <span class='ocrx_word' id='word_1_189' title='bbox 676 2292 939 2327; x_wconf 76' lang='lat' dir='ltr'>saint-Taurin</span> <span class='ocrx_word' id='word_1_190' title='bbox 971 2306 1042 2328; x_wconf 87' lang='lat' dir='ltr'>unc</span> <span class='ocrx_word' id='word_1_191' title='bbox 1075 2293 1277 2339; x_wconf 79' lang='lat' dir='ltr'>pretendue</span> <span class='ocrx_word' id='word_1_192' title='bbox 1308 2304 1418 2326; x_wconf 82' lang='lat' dir='ltr'>corne</span> <span class='ocrx_word' id='word_1_193' title='bbox 1448 2291 1497 2325; x_wconf 88' lang='lat' dir='ltr'>du</span> 
     </span>
     <span class='ocr_line' id='line_1_27' title="bbox 84 2347 1497 2396; baseline 0.001 -15"><span class='ocrx_word' id='word_1_194' title='bbox 84 2347 215 2382; x_wconf 74' lang='lat' dir='ltr'>diablo.</span> <span class='ocrx_word' id='word_1_195' title='bbox 233 2347 294 2383; x_wconf 86' lang='lat' dir='ltr'>On</span> <span class='ocrx_word' id='word_1_196' title='bbox 315 2348 522 2395; x_wconf 76' lang='lat' dir='ltr'>pretendait</span> <span class='ocrx_word' id='word_1_197' title='bbox 545 2350 654 2396; x_wconf 80' lang='lat' dir='ltr'>qu&#39;en</span> <span class='ocrx_word' id='word_1_198' title='bbox 674 2349 926 2396; x_wconf 85' lang='lat' dir='ltr'>l⁷approchant</span> <span class='ocrx_word' id='word_1_199' title='bbox 945 2351 990 2386; x_wconf 88' lang='lat' dir='ltr'>de</span> <span class='ocrx_word' id='word_1_200' title='bbox 1010 2364 1074 2386; x_wconf 86' lang='lat' dir='ltr'>son</span> <span class='ocrx_word' id='word_1_201' title='bbox 1093 2350 1236 2393; x_wconf 63' lang='lat' dir='ltr'>orville,</span> <span class='ocrx_word' id='word_1_202' title='bbox 1260 2350 1285 2384; x_wconf 91' lang='lat' dir='ltr'>il</span> <span class='ocrx_word' id='word_1_203' title='bbox 1308 2350 1396 2384; x_wconf 73' lang='lat' dir='ltr'>etait</span> <span class='ocrx_word' id='word_1_204' title='bbox 1414 2360 1497 2396; x_wconf 89' lang='lat' dir='ltr'>pos-</span> 
     </span>
     <span class='ocr_line' id='line_1_28' title="bbox 84 2406 1498 2458; baseline 0.001 -17"><span class='ocrx_word' id='word_1_205' title='bbox 84 2406 172 2442; x_wconf 84' lang='lat' dir='ltr'>sible</span> <span class='ocrx_word' id='word_1_206' title='bbox 199 2407 244 2442; x_wconf 85' lang='lat' dir='ltr'>de</span> <span class='ocrx_word' id='word_1_207' title='bbox 271 2408 488 2455; x_wconf 77' lang='lat' dir='ltr'>distinguer,</span> <span class='ocrx_word' id='word_1_208' title='bbox 518 2408 606 2443; x_wconf 83' lang='lat' dir='ltr'>dans</span> <span class='ocrx_word' id='word_1_209' title='bbox 630 2409 662 2443; x_wconf 84' lang='lat' dir='ltr'>le</span> <span class='ocrx_word' id='word_1_210' title='bbox 689 2422 879 2445; x_wconf 83' lang='lat' dir='ltr'>murmure</span> <span class='ocrx_word' id='word_1_211' title='bbox 905 2411 1037 2458; x_wconf 82' lang='lat' dir='ltr'>qu‘elle</span> <span class='ocrx_word' id='word_1_212' title='bbox 1066 2411 1185 2446; x_wconf 81' lang='lat' dir='ltr'>saisait</span> <span class='ocrx_word' id='word_1_213' title='bbox 1210 2408 1408 2451; x_wconf 74' lang='lat' dir='ltr'>emendi-c,</span> <span class='ocrx_word' id='word_1_214' title='bbox 1440 2420 1498 2442; x_wconf 80' lang='lat' dir='ltr'>ces</span> 
     </span>
     <span class='ocr_line' id='line_1_29' title="bbox 84 2467 834 2509; baseline 0.005 -9"><span class='ocrx_word' id='word_1_215' title='bbox 84 2473 178 2501; x_wconf 79' lang='lat' dir='ltr'>inots</span> <span class='ocrx_word' id='word_1_216' title='bbox 199 2482 204 2500; x_wconf 77' lang='lat' dir='ltr'><em>z</em></span> <span class='ocrx_word' id='word_1_217' title='bbox 233 2467 390 2509; x_wconf 72' lang='lat' dir='ltr'>Tauria,</span> <span class='ocrx_word' id='word_1_218' title='bbox 414 2467 622 2503; x_wconf 67' lang='lat' dir='ltr'>reads-moi</span> <span class='ocrx_word' id='word_1_219' title='bbox 636 2482 696 2503; x_wconf 76' lang='lat' dir='ltr'>ma</span> <span class='ocrx_word' id='word_1_220' title='bbox 714 2482 834 2504; x_wconf 79' lang='lat' dir='ltr'>corne.</span> 
     </span>
    </p>

    <p class='ocr_par' dir='ltr' id='par_1_7' title="bbox 86 2525 1498 2695">
     <span class='ocr_line' id='line_1_30' title="bbox 129 2525 1498 2574; baseline 0.001 -15"><span class='ocrx_word' id='word_1_221' title='bbox 129 2526 178 2571; x_wconf 82' lang='lat'>(2)</span> <span class='ocrx_word' id='word_1_222' title='bbox 204 2525 286 2560; x_wconf 88' lang='lat' dir='ltr'>Une</span> <span class='ocrx_word' id='word_1_223' title='bbox 305 2526 482 2560; x_wconf 83' lang='lat' dir='ltr'>tradition</span> <span class='ocrx_word' id='word_1_224' title='bbox 501 2529 520 2561; x_wconf 74' lang='grc' dir='ltr'>ἐι</span> <span class='ocrx_word' id='word_1_225' title='bbox 547 2539 617 2573; x_wconf 88' lang='lat' dir='ltr'>peu</span> <span class='ocrx_word' id='word_1_226' title='bbox 640 2529 723 2574; x_wconf 70' lang='lat' dir='ltr'>pres</span> <span class='ocrx_word' id='word_1_227' title='bbox 744 2528 939 2563; x_wconf 80' lang='lat' dir='ltr'>semblable</span> <span class='ocrx_word' id='word_1_228' title='bbox 964 2530 1076 2564; x_wconf 83' lang='lat' dir='ltr'>existe</span> <span class='ocrx_word' id='word_1_229' title='bbox 1104 2540 1236 2564; x_wconf 79' lang='lat' dir='ltr'>encore</span> <span class='ocrx_word' id='word_1_230' title='bbox 1256 2539 1317 2562; x_wconf 81' lang='lat' dir='ltr'>sur</span> <span class='ocrx_word' id='word_1_231' title='bbox 1341 2527 1498 2562; x_wconf 86' lang='lat' dir='ltr'>certains</span> 
     </span>
     <span class='ocr_line' id='line_1_31' title="bbox 86 2585 1497 2636; baseline 0.002 -18"><span class='ocrx_word' id='word_1_232' title='bbox 86 2586 206 2630; x_wconf 78' lang='lat' dir='ltr'>points</span> <span class='ocrx_word' id='word_1_233' title='bbox 224 2585 269 2620; x_wconf 89' lang='lat' dir='ltr'>de</span> <span class='ocrx_word' id='word_1_234' title='bbox 287 2585 318 2619; x_wconf 82' lang='lat' dir='ltr'>la</span> <span class='ocrx_word' id='word_1_235' title='bbox 339 2585 583 2629; x_wconf 70' lang='lat' dir='ltr'>Nol-mandie3</span> <span class='ocrx_word' id='word_1_236' title='bbox 599 2599 646 2621; x_wconf 86' lang='lat' dir='ltr'>on</span> <span class='ocrx_word' id='word_1_237' title='bbox 664 2601 685 2633; x_wconf 89' lang='lat' dir='ltr'><strong>y</strong></span> <span class='ocrx_word' id='word_1_238' title='bbox 705 2589 799 2623; x_wconf 85' lang='lat' dir='ltr'>croit</span> <span class='ocrx_word' id='word_1_239' title='bbox 811 2601 883 2636; x_wconf 83' lang='lat' dir='ltr'>que</span> <span class='ocrx_word' id='word_1_240' title='bbox 901 2588 952 2623; x_wconf 88' lang='lat' dir='ltr'>les</span> <span class='ocrx_word' id='word_1_241' title='bbox 972 2591 1147 2636; x_wconf 79' lang='lat' dir='ltr'>paroisses</span> <span class='ocrx_word' id='word_1_242' title='bbox 1165 2589 1304 2635; x_wconf 80' lang='lat' dir='ltr'>placees</span> <span class='ocrx_word' id='word_1_243' title='bbox 1321 2599 1403 2622; x_wconf 87' lang='lat' dir='ltr'>sous</span> <span class='ocrx_word' id='word_1_244' title='bbox 1416 2587 1497 2621; x_wconf 88' lang='lat' dir='ltr'>l’in-</span> 
     </span>
     <span class='ocr_line' id='line_1_32' title="bbox 86 2645 1497 2695; baseline 0.002 -18"><span class='ocrx_word' id='word_1_245' title='bbox 86 2646 248 2680; x_wconf 85' lang='lat' dir='ltr'>vocation</span> <span class='ocrx_word' id='word_1_246' title='bbox 276 2645 321 2679; x_wconf 86' lang='lat' dir='ltr'>de</span> <span class='ocrx_word' id='word_1_247' title='bbox 348 2646 441 2680; x_wconf 84' lang='lat' dir='ltr'>saint</span> <span class='ocrx_word' id='word_1_248' title='bbox 468 2646 662 2690; x_wconf 71' lang='lat' dir='ltr'>Saturnio,</span> <span class='ocrx_word' id='word_1_249' title='bbox 689 2648 824 2695; x_wconf 65' lang='lat' dir='ltr'>ovoque</span> <span class='ocrx_word' id='word_1_250' title='bbox 844 2648 889 2683; x_wconf 75' lang='lat' dir='ltr'>(le</span> <span class='ocrx_word' id='word_1_251' title='bbox 910 2650 1112 2691; x_wconf 77' lang='lat' dir='ltr'>Toulouse,</span> <span class='ocrx_word' id='word_1_252' title='bbox 1144 2655 1225 2682; x_wconf 85' lang='lat' dir='ltr'>sont</span> <span class='ocrx_word' id='word_1_253' title='bbox 1251 2647 1426 2681; x_wconf 57' lang='lat' dir='ltr'>delivrees</span> <span class='ocrx_word' id='word_1_254' title='bbox 1452 2646 1497 2680; x_wconf 74' lang='lat' dir='ltr'>de</span> 
     </span>
    </p>
   </div>
   <div class='ocr_carea' id='block_1_4' title="bbox 89 2704 1497 2810">
    <p class='ocr_par' dir='ltr' id='par_1_8' title="bbox 89 2704 1497 2810">
     <span class='ocr_line' id='line_1_33' title="bbox 89 2704 1497 2751; baseline 0.003 -15"><span class='ocrx_word' id='word_1_255' title='bbox 89 2710 167 2737; x_wconf 74' lang='lat' dir='ltr'>tous</span> <span class='ocrx_word' id='word_1_256' title='bbox 184 2704 330 2751; x_wconf 66' lang='lat' dir='ltr'>reptiles</span> <span class='ocrx_word' id='word_1_257' title='bbox 348 2706 553 2745; x_wconf 69' lang='lat' dir='ltr'>voneneux,</span> <span class='ocrx_word' id='word_1_258' title='bbox 577 2720 640 2751; x_wconf 72' lang='lat' dir='ltr'>par</span> <span class='ocrx_word' id='word_1_259' title='bbox 656 2707 748 2742; x_wconf 64' lang='lat' dir='ltr'>suite</span> <span class='ocrx_word' id='word_1_260' title='bbox 768 2707 817 2742; x_wconf 82' lang='lat' dir='ltr'>du</span> <span class='ocrx_word' id='word_1_261' title='bbox 838 2721 987 2744; x_wconf 70' lang='lat' dir='ltr'>(toncoui</span> <span class='ocrx_word' id='word_1_262' title='bbox 1000 2722 1012 2741; x_wconf 65' lang='lat' dir='ltr'>s</span> <span class='ocrx_word' id='word_1_263' title='bbox 1030 2709 1072 2742; x_wconf 70' lang='lat' dir='ltr'>dv</span> <span class='ocrx_word' id='word_1_264' title='bbox 1094 2720 1149 2742; x_wconf 61' lang='lat' dir='ltr'>crs</span> <span class='ocrx_word' id='word_1_265' title='bbox 1169 2708 1335 2742; x_wconf 73' lang='lat' dir='ltr'>animaux</span> <span class='ocrx_word' id='word_1_266' title='bbox 1357 2706 1444 2741; x_wconf 66' lang='lat' dir='ltr'>dans</span> <span class='ocrx_word' id='word_1_267' title='bbox 1466 2705 1497 2739; x_wconf 69' lang='lat' dir='ltr'>lv</span> 
     </span>
     <span class='ocr_line' id='line_1_34' title="bbox 90 2764 568 2810; baseline 0.01 -16"><span class='ocrx_word' id='word_1_268' title='bbox 90 2769 245 2807; x_wconf 67' lang='lat' dir='ltr'>martyre</span> <span class='ocrx_word' id='word_1_269' title='bbox 265 2764 311 2798; x_wconf 75' lang='lat' dir='ltr'>du</span> <span class='ocrx_word' id='word_1_270' title='bbox 333 2765 423 2798; x_wconf 65' lang='lat' dir='ltr'>saint</span> <span class='ocrx_word' id='word_1_271' title='bbox 444 2765 568 2810; x_wconf 52' lang='lat' dir='ltr'>prela«.</span> 
     </span>
    </p>
   </div>
  </div>
 </body>
</html>
