1951 3194
432 260 507 296 176
799 260 1042 299 HlsTOiuA
1073 260 1475 301 ECCLESIASTICA.
1711 267 1849 317 [1068]

494 339 621 384 Dum
645 339 842 402 plurimi
869 339 1135 404 Anglorum
1159 358 1250 404 pro
1266 344 1429 388 amissa
1454 343 1672 392 libertate
1693 347 1849 409 pristi-

426 435 514 472 na,
543 434 686 481 quam
722 428 936 480 repetere
966 418 1308 483 peroptabant,
1348 421 1736 470 machinarentur
1770 441 1849 471 re-

425 494 710 550 bellionem,
750 495 889 541 multi
931 513 987 542 ex
1021 495 1182 544 eadem
1205 508 1346 561 gente
1380 497 1579 546 fuerunt
1616 502 1720 548 Deo
1749 519 1847 548 ser-

424 583 586 620 vantes
602 572 762 630 fidem,
780 584 828 620 et
842 576 1160 621 constitutum
1175 574 1234 622 ab
1250 577 1350 640 ipso
1366 588 1641 625 venerantes
1656 596 1816 644 regem
1828 615 1842 635 ‚

421 662 664 716 praecepto
684 653 813 699 enim
829 653 1030 717 apostoli
1051 653 1250 701 dicentis
1266 675 1276 700 ε
1292 655 1451 701 Deam
1470 659 1642 714 timete,
1663 658 1844 721 Regem

420 728 728 790 lzonorfficate
754 730 843 792 (1).
868 729 1000 777 Coxo
1022 731 1180 795 itaque
1204 748 1360 778 comes
1385 733 1598 796 prosapia
1615 743 1662 780 et
1677 744 1844 796 poten-

421 817 524 853 tatu
549 808 674 854 inter
691 807 869 871 Anglos
888 808 1167 871 praecelsus,
1192 810 1434 874 animique
1460 810 1604 875 magis
1631 810 1843 875 singula—-

419 887 560 933 ritate
583 885 831 950 prudentis
853 897 902 933 et
933 888 1136 935 omnino
1160 887 1346 936 honesti
1377 891 1670 954 praecipuus,
1705 889 1842 936 Guil-

420 963 563 1010 lelmo
598 964 697 1029 regi
741 964 944 1011 fideliter
984 964 1197 1025 favebat,
1232 978 1278 1013 et
1323 969 1422 1031 ejus
1460 985 1644 1013 causam
1685 967 1840 1015 multo

418 1041 580 1088 favore
600 1040 851 1105 probabat.
880 1042 1111 1090 Satellites
1134 1061 1247 1091 vero
1272 1045 1340 1090 sui
1364 1044 1423 1091 ab
1443 1062 1499 1092 eo
1522 1044 1836 1104 dissidebant,

418 1120 528 1185 quia
562 1120 827 1166 factionum
850 1120 1095 1168 deterrimi
1123 1121 1332 1169 fautores
1360 1140 1412 1168 ac
1437 1123 1550 1169 socii
1576 1133 1728 1169 erant.
1751 1122 1840 1168 Di-

418 1199 561 1246 versis
591 1199 737 1264 igitur
761 1199 914 1246 modis
943 1217 1053 1246 eum
1081 1200 1392 1264 appetebant,
1426 1212 1473 1247 et
1494 1200 1713 1264 precibus
1743 1200 1839 1245 mi-

416 1278 586 1342 nisque
621 1295 674 1324 ac
712 1276 1113 1325 obtestationibus
1152 1277 1463 1335 invadebant,
1500 1290 1554 1324 ut
1589 1289 1838 1324 extraneos

415 1354 676 1412 desereret,
704 1365 752 1401 et
776 1354 1018 1402 bonorum
1043 1355 1297 1402 hominum
1318 1373 1414 1402 suae
1435 1356 1643 1402 nationis
1664 1365 1710 1402 et
1727 1371 1838 1401 con-

415 1432 745 1496 sanguinitatis
775 1433 1010 1499 voluntati
1039 1432 1400 1480 obsecundaret.
1428 1432 1518 1480 Sed
1551 1432 1667 1478 dum
1703 1449 1836 1479 mens

415 1511 463 1556 in
491 1520 655 1557 tenore
681 1509 798 1556 boni
836 1509 1040 1556 firmiter
1066 1509 1155 1556 fixa
1181 1527 1281 1557 non
1306 1521 1463 1573 posset
1502 1528 1525 1554 a
1550 1508 1835 1556 rectitudine

411 1588 668 1644 dimoveri,
710 1588 958 1634 concitatis
994 1599 1161 1635 contra
1203 1606 1312 1635 eum
1353 1587 1834 1652 comprovincialibus

410 1684 496 1729 per
531 1665 719 1712 insidias
745 1666 925 1712 occisus
951 1677 1019 1712 est
1048 1683 1137 1729 pro
1173 1667 1443 1730 integritate
1477 1666 1584 1712 fidei
1621 1666 1716 1729 (2).
1755 1665 1832 1711 Sic

410 1744 607 1791 asseruit
633 1761 740 1789 casu
774 1761 859 1790 suo
887 1744 961 1789 vir
993 1744 1223 1802 eximius,
1252 1744 1380 1808 quod
1406 1746 1618 1807 majestas
1648 1743 1831 1790 domini

409 1822 480 1867 sui
511 1839 695 1885 semper
720 1839 822 1867 cara
844 1821 1011 1867 debeat
1037 1816 1133 1868 esse
1158 1820 1377 1884 subjectis
1402 1820 1635 1867 fidelibus.

473 1902 612 1946 Tunc
634 1899 894 1947 Adelredus
910 1901 1086 1964 primas
1113 1900 1427 1947 Eboracensis
1441 1936 1452 1955 ‚
1474 1899 1649 1964 aliique
1672 1900 1830 1963 ponti-

408 1979 514 2025 lices
551 1978 744 2044 quidam
772 1979 965 2024 utilitati
1005 1978 1145 2043 regiae
1186 1976 1466 2032 studebant,
1502 1977 1612 2041 quia
1638 1977 1828 2040 sapien—

405 2057 463 2101 tis
485 2056 726 2102 monitum
752 2056 951 2101 scientes
964 2091 976 2111 ,
998 2056 1209 2119 aequitati
1230 2052 1643 2117 obtemperabant.
1670 2053 1822 2109 Time,

398 2306 550 2339 saintete
566 2304 597 2337 le
622 2302 660 2336 13
674 2304 761 2337 amit
785 2316 816 2335 ιι
833 2301 882 2343 15,
902 2303 1000 2335 irent
1015 2302 1174 2335 d‘autres
1192 2301 1333 2334 ensants
1348 2312 1418 2347 quc
1433 2299 1611 2334 Godefroi
1631 2298 1675 2333 de
1693 2298 1814 2332 Bouil-

398 2366 480 2407 lon,
505 2363 685 2397 Eustache
707 2362 757 2396 ΙΙΙ
791 2369 826 2395 ct
852 2362 1041 2395 ssaudnu‘m
1070 2362 1123 2402 1⁴³³,
1147 2362 1197 2393 roi
1227 2360 1271 2393 dc
1291 2359 1492 2393 J‹·÷rusalen1
1515 2359 1617 2405 apres
1637 2369 1700 2392 son
1721 2357 1817 2391 frere

398 2427 489 2459 aine

443 2487 493 2530 (i)
521 2485 645 2518 iPetr.
671 2496 712 2525 ιι,
740 2496 790 2530 17,

442 2546 491 2589 (21.)
517 2544 568 2578 Cc
596 2550 758 2577 incurtrc
784 2542 839 2575 fut
860 2553 1066 2575 consonnnc
1092 2556 1108 2573 a
1134 2540 1320 2574 Revaurn
1350 2552 1426 2573 vers
1446 2539 1477 2573 lc
1499 2538 1624 2572 milieu
1648 2537 1692 2571 de
1718 2549 1813 2570 mars

401 2605 508 2647 τοῦδ,
529 2617 593 2650 par
614 2603 740 2641 Osuls,
771 2602 1030 2649 prcdccesseur
1052 2602 1095 2635 ‹le
1115 2602 1224 2647 Copsi
1246 2601 1334 2634 dans
1354 2613 1416 2633 sou
1447 2604 1742 2643 gouvernement.
1761 2598 1812 2632 Co

396 2663 553 2703 dernier,
577 2664 716 2709 surpris
736 2665 754 2696 a
772 2662 1025 2707 l'improvistc„
1051 2673 1086 2694 se
1114 2660 1252 2705 refugia
1272 2660 1358 2693 (lans
1385 2671 1455 2692 une
1476 2657 1600 2703 eglise.
1618 2656 1677 2691 On
1702 2669 1723 2701 y
1745 2657 1811 2690 mit

396 2723 426 2755 le
441 2723 497 2755 scu
512 2750 520 2764 ‚
542 2729 578 2757 ct
598 2736 637 2756 ce
655 2724 711 2756 fut
728 2722 850 2768 quand
869 2722 891 2755 il
913 2723 1019 2755 ειη-1η
1042 2734 1132 2767 pour
1147 2733 1182 2754 sc
1202 2720 1356 2754 dei-obex·
1375 2731 1443 2753 aux
1459 2719 1619 2752 flamines
1637 2716 1813 2763 qu⁷Osuls

394 2782 426 2813 lc
447 2781 656 2825 poignarda.
