1951 3194
333 241 407 277 110
697 234 941 274 HISTORIA
971 232 1375 274 ECCLEsiAsTmA.
1495 242 1596 288 [pom
1621 240 1741 289 1063]

394 315 647 365 Rainaldus
680 325 835 361 autem
867 313 1093 359 minimus
1123 312 1334 362 filiorum
1361 317 1558 364 Ernaldi
1588 317 1742 366 tribus

331 393 571 443 mensibus
595 403 704 439 ante
729 391 876 455 patris
903 389 1092 438 obitum
1115 390 1331 440 Osberno
1359 393 1516 441 abbati
1542 396 1743 443 traditus

330 484 422 530 est,
447 483 495 520 et
519 475 565 517 in
589 468 800 517 Uticensi
823 467 1015 516 ecclesia
1037 467 1123 516 sub
1141 468 1345 534 regulari
1368 469 1613 536 disciplina
1633 473 1745 520 dili-

331 561 497 617 genter
526 548 746 596 educatus
778 558 874 605 est,
907 558 953 594 et
983 566 1006 593 a
1037 547 1238 612 praefato
1265 546 1433 596 abbate
1463 552 1744 599 Benedictus

330 625 592 674 dulcedinis
622 624 770 688 gratia
796 624 1157 688 cognominatus
1186 635 1271 671 est.
1309 626 1446 672 Pater
1473 629 1596 690 ejus,
1630 627 1745 674 dum

332 707 485 770 ipsum
505 705 608 752 Deo
629 702 685 748 ad
705 701 1042 749 monachatum
1061 700 1237 748 obtulit
1252 738 1266 760 ‚
1291 713 1466 749 terram
1486 704 1626 750 unius
1647 721 1746 750 car-

332 801 459 830 rucae
490 781 614 846 apud
645 781 692 826 S.
730 778 1023 826 Germanum
1056 779 1104 825 in
1140 779 1389 843 parrochia
1424 781 1641 828 Escalfoii
1674 780 1748 845 (1)

333 863 382 908 S.
413 857 619 908 Ebrulfo
643 857 898 913 concessit3
931 873 1074 920 quam
1097 874 1187 920 pro
1212 856 1516 915 infortuniis,
1541 875 1648 923 quae
1673 858 1751 922 ip-

334 956 439 985 sum
463 934 764 999 haeredesque
788 936 885 997 ejus
907 950 1150 997 perpessos
1180 951 1274 980 esse
1297 934 1571 993 retulimus,
1602 935 1752 982 eccle-

336 1017 398 1062 sia
405 1012 682 1079 jamdudum
694 1011 919 1076 perdidit.
931 1010 1161 1057 Praefatus
1178 1028 1297 1075 puer
1312 1012 1638 1077 quinquennis
1650 1022 1750 1059 erat

336 1111 444 1141 cum
464 1090 731 1138 monachile
745 1092 913 1154 jugum
936 1087 1109 1145 subiit,
1135 1098 1181 1135 et
1204 1105 1266 1134 Lu
1285 1089 1422 1136 annis
1439 1089 1525 1135 sub
1545 1100 1753 1155 quatuor

336 1169 584 1218 abbatibus
620 1186 705 1232 per
737 1167 926 1214 adversa
961 1176 1009 1213 et
1041 1183 1265 1230 prospera
1298 1166 1491 1214 fortiter
1522 1169 1749 1232 portavit.

337 1248 674 1296 Eruditionem
691 1245 876 1310 legendi
896 1255 943 1291 et
961 1243 1161 1291 canendi
1181 1254 1227 1290 et
1249 1245 1345 1308 ipse
1360 1244 1538 1290 affatim
1556 1244 1721 1291 didicit
1736 1280 1751 1303 ,

336 1337 382 1373 et
404 1325 505 1371 aliis
520 1360 532 1380 ‚
555 1333 810 1388 postquam
826 1321 884 1367 ad
903 1320 1040 1367 virile
1061 1320 1214 1367 robur
1235 1321 1483 1385 pervenit,
1505 1321 1606 1368 sine
1628 1321 1754 1368 frau-

336 1403 407 1450 dis
425 1403 567 1449 litura
588 1401 732 1466 gratis
753 1399 1010 1445 intimavit.
1034 1398 1263 1445 Memoria
1277 1416 1392 1446 vero
1409 1399 1632 1445 narrandi
1648 1416 1756 1464 quae

339 1479 521 1527 viderat
552 1479 628 1525 vel
665 1477 878 1523 audierat
907 1475 1159 1540 magnifice
1188 1476 1365 1540 viguit,
1397 1475 1757 1542 delectabilique

338 1558 492 1605 relatu
515 1574 703 1612 rerum,
723 1572 836 1620 quas
862 1554 912 1600 in
934 1553 1107 1600 divinis
1129 1553 1454 1600 voluminibus
1472 1572 1555 1602 seu
1576 1555 1758 1618 perito-

339 1655 449 1682 rum
466 1632 804 1682 assertionibus
820 1632 1017 1678 rimatus
1035 1641 1121 1689 est,
1141 1631 1293 1678 socios
1308 1631 1552 1679 multoties
1570 1632 1754 1680 lenivit.

340 1713 539 1761 Mitibus
558 1723 606 1760 et
625 1711 868 1767 modestis,
890 1709 1189 1773 indoctisque
1208 1708 1464 1774 neophytis
1484 1708 1759 1757 affabilitate

340 1803 388 1839 et
419 1791 657 1857 obsequiis
690 1806 874 1853 semper
900 1787 1084 1852 placere
1114 1786 1318 1844 studuit3
1358 1786 1437 1833 sed
1468 1786 1683 1851 superbis
1712 1796 1760 1834 et

343 1868 724 1925 simulatoribus,
762 1866 1126 1930 novitatumque
1155 1863 1564 1912 commentoribus
1598 1864 1758 1911 audaci

344 1947 724 1998 contradictione
747 1944 950 1991 viriliter
968 1943 1183 1990 resistere
1204 1941 1428 1989 decrevit.
1455 1943 1530 1988 Bis
1555 1943 1604 1988 in
1626 1942 1760 2006 Apu-

343 2028 456 2074 liam
477 2025 709 2089 permissu
732 2022 925 2086 Rogerii
951 2019 1132 2066 abbatis
1159 2030 1357 2084 propter
1380 2020 1638 2068 utilitatem
1655 2020 1760 2067 Uti-

347 2105 495 2152 censis
524 2102 729 2149 ecclesiae
762 2100 970 2164 perrexit
987 2135 1000 2156 ,
1038 2098 1200 2164 ibique
1226 2099 1536 2146 XVillermum
1563 2099 1760 2145 fratrem

348 2201 487 2231 suum
505 2218 517 2238 ‚
544 2181 753 2244 aliosque
779 2178 956 2225 multos
991 2195 1047 2225 ex
1080 2178 1319 2242 parentela
1351 2195 1460 2237 sua,
1488 2178 1567 2241 qui
1600 2178 1649 2223 in
1681 2195 1762 2224 ex-

351 2273 449 2309 tera
478 2259 673 2324 regione
696 2256 872 2303 divitiis
898 2254 1229 2313 abundabant,
1263 2255 1463 2301 invenit.
1488 2256 1610 2300 Cum
1627 2255 1762 2301 Wil-

396 2452 446 2496 (1)
471 2450 570 2484 Pour
586 2448 673 2483 bien
690 2444 930 2493 comprendre
949 2444 981 2479 le
997 2456 1077 2479 sens
1096 2444 1141 2479 de
1158 2456 1198 2479 ce
1216 2456 1379 2491 passage,
1401 2444 1428 2478 il
1446 2445 1524 2479 saut
1541 2456 1576 2479 se
1595 2441 1762 2489 rappeler

351 2512 433 2558 qu'a
447 2510 613 2557 l’epoque
627 2509 675 2543 ou
691 2507 839 2542 ccrivait
854 2504 1013 2541 Orderic
1028 2505 1147 2549 vital,
1164 2512 1245 2540 tout
1263 2505 1297 2540 le
1312 2506 1500 2540 territoire
1517 2496 1763 2539 d’Echaufour

353 2582 397 2604 ne
417 2569 566 2604 formait
584 2568 719 2616 qu'une
744 2566 841 2601 seule
865 2565 1024 2612 paroisse
1051 2577 1132 2600 sous
1160 2564 1392 2599 l’invocation
1421 2565 1466 2599 de
1494 2564 1587 2598 saint
1613 2562 1759 2604 Andre,

352 2640 434 2662 avec
461 2635 588 2675 quatre
606 2626 787 2674 chapelles
810 2642 816 2659 :
838 2625 1106 2669 Notre-Dame,
1132 2625 1454 2668 Saint-Germain‚
1480 2622 1762 2658 Saint-Laurent

354 2694 390 2721 et
405 2688 673 2722 Salat-Martii).
694 2687 791 2722 C’est
809 2688 829 2721 a
847 2697 920 2720 unc
938 2687 1079 2733 epoque
1097 2686 1321 2732 posterieure
1340 2698 1411 2731 que
1429 2683 1563 2729 l'eglise
1582 2682 1627 2717 de
1641 2681 1760 2717 Saint-

353 2746 528 2780 Gerniain
547 2760 565 2780 a
586 2748 643 2781 cte
663 2747 785 2792 erigee
803 2758 847 2780 en
866 2746 1036 2791 paroisse.
