1951 3194
166 259 302 306 [1070]
638 254 789 291 lezss
820 252 1074 301 QUARTUS.
1498 253 1570 289 231

166 347 240 381 tus
259 334 414 398 magni
436 352 518 397 per
539 333 638 379 loca
660 343 705 379 et
723 332 1004 396 pestilentiae
1022 341 1068 377 et
1087 332 1255 387 sames;
1280 340 1577 394 [erroresque

165 413 222 460 de
246 413 397 469 coelo,
425 422 471 458 et
495 412 622 476 signa
653 429 816 475 magna
845 420 988 457 erunt
1013 410 1085 472 (1)
1110 430 1119 455 ε

355 535 533 570 Cladibus
549 537 750 570 innumeris
765 537 945 579 premitur
961 536 1011 569 sic
1029 535 1169 581 jugiter
1185 533 1294 568 orbis.

237 634 325 679 His
344 644 387 678 et
405 633 563 679 ntultis
584 631 922 697 hujuscemodi
938 630 1170 677 rotatibus
1192 632 1241 676 in
1263 628 1397 676 rebus
1417 628 1581 674 liumu-

166 712 241 756 nis
272 711 467 757 solerter
497 711 747 775 inspectis,
784 727 881 755 non
915 711 964 754 in
997 727 1045 755 se
1075 709 1309 773 glorietur
1340 709 1496 754 victor
1523 707 1584 752 de

167 790 308 835 ruina
335 789 575 853 comparis
584 808 604 844 ,-
642 788 759 851 quia
782 803 870 833 nec
897 788 998 851 ipse
1021 785 1164 832 stabit
1177 823 1193 842 ,
1225 787 1321 831 nisi
1350 795 1584 849 quantum

157 868 358 932 jusserit
376 866 629 931 dispositio
647 865 921 911 conditoris.
945 865 1309 911 Conversionem
1329 862 1584 908 locutionis

163 961 280 989 mese
300 961 428 989 nunc
450 943 521 989 ad
538 954 597 1000 te,
620 961 648 989 o
667 960 769 1000 rex,
783 941 1015 1006 saciam;
1037 960 1184 1006 quam
1203 952 1252 987 tu
1269 939 1475 1005 (quceso)
1499 939 1586 985 tibi

163 1022 428 1086 benigniter
449 1021 648 1068 haurias
669 1033 874 1087 propter
896 1021 1098 1068 salutent
1124 1031 1370 1066 ceternam.
1402 1017 1582 1066 Nullus

154 1110 356 1166 patrum
397 1110 585 1146 tuorum
621 1111 730 1146 ante
770 1111 811 1145 te
849 1099 1011 1164 regale
1049 1109 1248 1145 stemma
1278 1097 1455 1161 gessit,
1496 1113 1584 1140 nec

163 1178 468 1225 lisereditario
482 1179 596 1242 jure
619 1189 804 1224 tantuin
826 1177 972 1224 decus
994 1176 1080 1223 tibi
1094 1178 1332 1241 provenit,
1362 1173 1450 1221 sed
1462 1191 1582 1237 gra-

165 1260 287 1303 tuita
304 1257 559 1320 largitione
574 1257 908 1322 omnipotentis
925 1256 1035 1314 Dei,
1053 1267 1096 1301 et
1114 1254 1333 1301 amicitia
1351 1250 1586 1300 Eduardi

165 1337 510 1399 consanguinei
538 1336 622 1380 tui.
650 1333 885 1398 Edgarus
908 1332 1148 1379 Adelinus
1162 1369 1178 1388 ,
1212 1331 1391 1394 aliique
1418 1328 1583 1393 plures

165 1431 226 1458 ex
251 1413 381 1458 linea
406 1412 586 1476 regalis
610 1414 862 1477 prosapice
888 1412 1005 1468 orti,
1032 1409 1297 1457 secundum
1322 1407 1449 1472 leges
1473 1406 1582 1451 He-

166 1491 401 1536 brceorum
417 1489 721 1553 aliarumque
733 1490 952 1552 gentium
967 1487 1343 1552 propinquiores
1361 1495 1470 1530 sunt
1489 1483 1583 1528 lice-

165 1567 299 1612 redes
324 1566 617 1613 diadematis
639 1566 857 1630 Anglici.
885 1565 995 1611 Illis
1020 1565 1247 1610 nimirum
1269 1562 1459 1609 remotis
1480 1578 1583 1607 sors

166 1646 250 1691 tibi
273 1648 412 1691 cessit
424 1646 745 1710 provectionis
757 1667 778 1700 ,·
806 1645 895 1690 sed
918 1645 1012 1690 Dei
1024 1643 1272 1709 judicium
1296 1651 1474 1705 quanto
1498 1657 1583 1686 oc-

167 1721 367 1779 cultius,
398 1732 527 1767 tanto
552 1721 805 1768 terribilius
833 1723 1045 1767 imminet
1075 1720 1161 1766 tibi
1191 1719 1262 1766 ad
1283 1716 1585 1765 reddendam

167 1801 403 1845 rationem
442 1803 704 1846 commissae
741 1800 1074 1846 villicationis.
1115 1798 1171 1844 H
1169 1815 1241 1844 cec
1280 1797 1484 1860 benigno
1523 1812 1585 1840 ex

169 1876 311 1922 corde
336 1876 621 1922 sublimitati
645 1887 812 1922 vestrce
846 1876 1032 1922 locutus
1058 1894 1162 1922 sum
1179 1910 1191 1931 ‚
1227 1872 1471 1919 humiliter
1497 1872 1586 1917 de—

164 1970 370 2017 poscens
393 1964 442 1998 ut
467 1971 597 1999 mens
620 1964 781 1999 vestra
809 1971 993 2018 semper
1014 1954 1075 1999 sit
1104 1969 1283 1999 memor
1309 1949 1587 1997 novissimo—

172 2048 302 2087 rum,
325 2048 412 2077 nec
429 2048 516 2080 vos
539 2032 681 2076 nimis
701 2031 913 2096 implicet
931 2031 1227 2096 prosperitas
1247 2028 1586 2094 pmesenhum,

172 2125 318 2171 quam
340 2109 480 2171 sequi
502 2108 620 2154 solet
644 2108 956 2155 intolerabilis
980 2107 1133 2165 dolor,
1165 2118 1209 2153 et
1238 2108 1405 2168 ingens
1432 2104 1589 2151 lactus

173 2203 234 2231 ac
262 2185 442 2232 stridor
461 2185 690 2231 dentium.
721 2185 907 2231 Gratim
930 2186 1027 2231 Dei
1053 2202 1140 2232 ‘vos
1173 2195 1217 2230 et
1240 2184 1425 2231 amicos
1449 2194 1593 2246 atque

158 2262 337 2325 fideles
363 2274 541 2310 vestros
562 2263 868 2321 commendo,
890 2263 1337 2325 Normanniamque
1360 2277 1470 2306 cum
1492 2276 1594 2304 ves-

177 2350 251 2385 tra
266 2339 460 2386 licentia
472 2340 626 2386 redire
637 2341 861 2406 dispono,
877 2351 920 2386 et
931 2341 1144 2406 opimam
1155 2339 1360 2403 Anglice
1370 2336 1596 2402 praedam

178 2415 476 2461 amatoribus
494 2417 661 2462 mundi
679 2418 823 2481 quasi
839 2416 1129 2481 quisquilias
1148 2415 1439 2478 derelinquo.
1460 2412 1597 2458 Libe-

181 2510 285 2537 ram
308 2502 641 2556 paupertatem
665 2512 774 2540 amo
796 2493 990 2552 Christi,
1015 2511 1164 2557 quam
1183 2492 1426 2538 Antonius
1446 2501 1489 2535 et
1510 2490 1601 2536 Be-

181 2568 399 2614 nedictus
419 2569 690 2634 cimplea'aii
707 2582 815 2616 sunt
825 2608 840 2629 ,
862 2572 1018 2632 magis
1036 2588 1181 2634 quam
1199 2569 1391 2616 divitias
1410 2566 1597 2624 mundi,

235 2749 282 2793 1³1)
310 2749 404 2788 Luc,
426 2760 495 2790 xm,
526 2762 575 2782 ιιΑ
