<?xml version="1.0" encoding="UTF-8"?>
<!DOCTYPE html PUBLIC "-//W3C//DTD XHTML 1.0 Transitional//EN"
    "http://www.w3.org/TR/xhtml1/DTD/xhtml1-transitional.dtd">
<html xmlns="http://www.w3.org/1999/xhtml" xml:lang="en" lang="en">
 <head>
  <title>
</title>
<meta http-equiv="Content-Type" content="text/html;charset=utf-8" />
  <meta name='ocr-system' content='tesseract 3.04.00' />
  <meta name='ocr-capabilities' content='ocr_page ocr_carea ocr_par ocr_line ocrx_word'/>
</head>
<body>
  <div class='ocr_page' id='page_1' title='image "./ordericivitalish02ordeuoft/ordericivitalish02ordeuoft_0068.png"; bbox 0 0 1951 3194; ppageno 0'>
   <div class='ocr_carea' id='block_1_1' title="bbox 336 294 1733 349">
    <p class='ocr_par' dir='ltr' id='par_1_1' title="bbox 336 294 1733 349">
     <span class='ocr_line' id='line_1_1' title="bbox 336 294 1733 349; baseline 0.005 -17"><span class='ocrx_word' id='word_1_1' title='bbox 336 294 385 332; x_wconf 72' lang='lat'>44</span> <span class='ocrx_word' id='word_1_2' title='bbox 698 297 937 336; x_wconf 84' lang='lat' dir='ltr'><strong>HISTORIA</strong></span> <span class='ocrx_word' id='word_1_3' title='bbox 968 296 1369 336; x_wconf 84' lang='lat' dir='ltr'>ECCLESIASTICA.</span> <span class='ocrx_word' id='word_1_4' title='bbox 1469 301 1733 349; x_wconf 84' lang='lat'>[1050-1057]</span> 
     </span>
    </p>
   </div>
   <div class='ocr_carea' id='block_1_2' title="bbox 334 374 1750 2596">
    <p class='ocr_par' dir='ltr' id='par_1_2' title="bbox 334 374 1750 2596">
     <span class='ocr_line' id='line_1_2' title="bbox 336 374 1738 437; baseline 0.004 -19"><span class='ocrx_word' id='word_1_5' title='bbox 336 374 471 419; x_wconf 84' lang='lat' dir='ltr'>matri</span> <span class='ocrx_word' id='word_1_6' title='bbox 501 383 552 418; x_wconf 92' lang='lat' dir='ltr'>ut</span> <span class='ocrx_word' id='word_1_7' title='bbox 578 374 728 437; x_wconf 87' lang='lat' dir='ltr'>ipsum</span> <span class='ocrx_word' id='word_1_8' title='bbox 756 375 1174 432; x_wconf 81' lang='lat' dir='ltr'>calumniarentur,</span> <span class='ocrx_word' id='word_1_9' title='bbox 1196 385 1243 422; x_wconf 90' lang='lat' dir='ltr'>et</span> <span class='ocrx_word' id='word_1_10' title='bbox 1258 375 1314 422; x_wconf 92' lang='lat' dir='ltr'>de</span> <span class='ocrx_word' id='word_1_11' title='bbox 1330 379 1617 424; x_wconf 87' lang='lat' dir='ltr'>monasterio</span> <span class='ocrx_word' id='word_1_12' title='bbox 1639 377 1738 423; x_wconf 91' lang='lat' dir='ltr'>abs-</span> 
     </span>
     <span class='ocr_line' id='line_1_3' title="bbox 336 450 1737 514; baseline 0.002 -18"><span class='ocrx_word' id='word_1_13' title='bbox 336 450 628 514; x_wconf 76' lang='lat' dir='ltr'>traherent),</span> <span class='ocrx_word' id='word_1_14' title='bbox 657 453 828 499; x_wconf 87' lang='lat' dir='ltr'>timens</span> <span class='ocrx_word' id='word_1_15' title='bbox 859 470 918 499; x_wconf 87' lang='lat' dir='ltr'>ne</span> <span class='ocrx_word' id='word_1_16' title='bbox 943 452 1065 499; x_wconf 88' lang='lat' dir='ltr'>illius</span> <span class='ocrx_word' id='word_1_17' title='bbox 1092 453 1275 500; x_wconf 89' lang='lat' dir='ltr'>miseria</span> <span class='ocrx_word' id='word_1_18' title='bbox 1303 453 1381 499; x_wconf 89' lang='lat' dir='ltr'>alii</span> <span class='ocrx_word' id='word_1_19' title='bbox 1406 453 1574 502; x_wconf 87' lang='lat' dir='ltr'>fratres</span> <span class='ocrx_word' id='word_1_20' title='bbox 1598 455 1737 501; x_wconf 85' lang='lat' dir='ltr'>vitia—</span> 
     </span>
     <span class='ocr_line' id='line_1_4' title="bbox 334 530 1738 595; baseline 0.004 -21"><span class='ocrx_word' id='word_1_21' title='bbox 334 539 519 584; x_wconf 80' lang='lat' dir='ltr'>rentur,</span> <span class='ocrx_word' id='word_1_22' title='bbox 550 530 861 592; x_wconf 87' lang='lat' dir='ltr'>apostolicum</span> <span class='ocrx_word' id='word_1_23' title='bbox 883 541 1174 594; x_wconf 82' lang='lat' dir='ltr'>praeceptum</span> <span class='ocrx_word' id='word_1_24' title='bbox 1198 532 1246 577; x_wconf 92' lang='lat' dir='ltr'>in</span> <span class='ocrx_word' id='word_1_25' title='bbox 1271 531 1353 578; x_wconf 92' lang='lat' dir='ltr'>illo</span> <span class='ocrx_word' id='word_1_26' title='bbox 1376 532 1628 595; x_wconf 87' lang='lat' dir='ltr'>adimplere</span> <span class='ocrx_word' id='word_1_27' title='bbox 1652 549 1738 579; x_wconf 82' lang='lat' dir='ltr'>vo-</span> 
     </span>
     <span class='ocr_line' id='line_1_5' title="bbox 334 604 1734 668; baseline 0.004 -20"><span class='ocrx_word' id='word_1_28' title='bbox 334 604 446 660; x_wconf 90' lang='lat' dir='ltr'>luit,</span> <span class='ocrx_word' id='word_1_29' title='bbox 474 605 534 650; x_wconf 89' lang='lat' dir='ltr'>ita</span> <span class='ocrx_word' id='word_1_30' title='bbox 552 604 750 652; x_wconf 88' lang='lat' dir='ltr'>dicentis</span> <span class='ocrx_word' id='word_1_31' title='bbox 773 626 783 652; x_wconf 90' lang='lat'>:</span> <span class='ocrx_word' id='word_1_32' title='bbox 808 604 1006 668; x_wconf 77' lang='lat' dir='ltr'>Auferte</span> <span class='ocrx_word' id='word_1_33' title='bbox 1030 607 1211 653; x_wconf 76' lang='lat' dir='ltr'>malum</span> <span class='ocrx_word' id='word_1_34' title='bbox 1235 625 1295 653; x_wconf 70' lang='lat' dir='ltr'>ex</span> <span class='ocrx_word' id='word_1_35' title='bbox 1321 607 1472 654; x_wconf 80' lang='lat' dir='ltr'>vobis.</span> <span class='ocrx_word' id='word_1_36' title='bbox 1501 608 1564 653; x_wconf 88' lang='lat' dir='ltr'>Et</span> <span class='ocrx_word' id='word_1_37' title='bbox 1588 607 1702 654; x_wconf 90' lang='lat' dir='ltr'>illud</span> <span class='ocrx_word' id='word_1_38' title='bbox 1725 629 1734 653; x_wconf 92' lang='lat'>:</span> 
     </span>
     <span class='ocr_line' id='line_1_6' title="bbox 334 680 1740 747; baseline 0.004 -23"><span class='ocrx_word' id='word_1_39' title='bbox 334 680 550 743; x_wconf 79' lang='lat' dir='ltr'>Infidelis</span> <span class='ocrx_word' id='word_1_40' title='bbox 586 684 627 727; x_wconf 81' lang='lat' dir='ltr'>si</span> <span class='ocrx_word' id='word_1_41' title='bbox 661 680 893 741; x_wconf 74' lang='lat' dir='ltr'>discedit,</span> <span class='ocrx_word' id='word_1_42' title='bbox 944 682 1163 729; x_wconf 76' lang='lat' dir='ltr'>discedat</span> <span class='ocrx_word' id='word_1_43' title='bbox 1201 684 1292 746; x_wconf 78' lang='grc' dir='ltr'><strong>(ι).</strong></span> <span class='ocrx_word' id='word_1_44' title='bbox 1332 684 1550 730; x_wconf 80' lang='lat' dir='ltr'>Permisit</span> <span class='ocrx_word' id='word_1_45' title='bbox 1586 685 1740 747; x_wconf 85' lang='lat' dir='ltr'>itaque</span> 
     </span>
     <span class='ocr_line' id='line_1_7' title="bbox 338 757 1739 820; baseline 0.002 -18"><span class='ocrx_word' id='word_1_46' title='bbox 338 757 473 803; x_wconf 88' lang='lat' dir='ltr'>illum</span> <span class='ocrx_word' id='word_1_47' title='bbox 501 757 558 805; x_wconf 89' lang='lat' dir='ltr'>de</span> <span class='ocrx_word' id='word_1_48' title='bbox 588 758 814 806; x_wconf 91' lang='lat' dir='ltr'>coenobio</span> <span class='ocrx_word' id='word_1_49' title='bbox 853 760 979 807; x_wconf 85' lang='lat' dir='ltr'>exire</span> <span class='ocrx_word' id='word_1_50' title='bbox 1011 771 1057 807; x_wconf 90' lang='lat' dir='ltr'>et</span> <span class='ocrx_word' id='word_1_51' title='bbox 1088 760 1145 807; x_wconf 91' lang='lat' dir='ltr'>ad</span> <span class='ocrx_word' id='word_1_52' title='bbox 1174 761 1398 807; x_wconf 85' lang='lat' dir='ltr'>saeculum</span> <span class='ocrx_word' id='word_1_53' title='bbox 1435 760 1604 808; x_wconf 88' lang='lat' dir='ltr'>redire.</span> <span class='ocrx_word' id='word_1_54' title='bbox 1647 760 1739 820; x_wconf 88' lang='lat' dir='ltr'>Qui</span> 
     </span>
     <span class='ocr_line' id='line_1_8' title="bbox 334 836 1740 902; baseline 0.001 -21"><span class='ocrx_word' id='word_1_55' title='bbox 334 836 534 898; x_wconf 84' lang='lat' dir='ltr'>peccatis</span> <span class='ocrx_word' id='word_1_56' title='bbox 559 837 651 883; x_wconf 89' lang='lat' dir='ltr'>suis</span> <span class='ocrx_word' id='word_1_57' title='bbox 678 848 865 902; x_wconf 88' lang='lat' dir='ltr'>peccata</span> <span class='ocrx_word' id='word_1_58' title='bbox 889 839 1215 895; x_wconf 88' lang='lat' dir='ltr'>accumulans,</span> <span class='ocrx_word' id='word_1_59' title='bbox 1243 839 1428 885; x_wconf 79' lang='lat' dir='ltr'>cuidam</span> <span class='ocrx_word' id='word_1_60' title='bbox 1450 838 1740 886; x_wconf 66' lang='lat' dir='ltr'>mulierculae</span> 
     </span>
     <span class='ocr_line' id='line_1_9' title="bbox 334 912 1739 977; baseline 0.003 -21"><span class='ocrx_word' id='word_1_61' title='bbox 334 912 535 975; x_wconf 88' lang='lat' dir='ltr'>seipsum</span> <span class='ocrx_word' id='word_1_62' title='bbox 577 914 832 977; x_wconf 85' lang='lat' dir='ltr'>copulavit.</span> <span class='ocrx_word' id='word_1_63' title='bbox 879 915 967 962; x_wconf 90' lang='lat' dir='ltr'>Sed</span> <span class='ocrx_word' id='word_1_64' title='bbox 1005 934 1114 962; x_wconf 88' lang='lat' dir='ltr'>cum</span> <span class='ocrx_word' id='word_1_65' title='bbox 1153 915 1228 960; x_wconf 84' lang='lat' dir='ltr'>illa</span> <span class='ocrx_word' id='word_1_66' title='bbox 1270 916 1307 962; x_wconf 90' lang='lat' dir='ltr'>ei</span> <span class='ocrx_word' id='word_1_67' title='bbox 1349 933 1449 962; x_wconf 88' lang='lat' dir='ltr'>non</span> <span class='ocrx_word' id='word_1_68' title='bbox 1482 916 1710 962; x_wconf 84' lang='lat' dir='ltr'>sufficeret</span> <span class='ocrx_word' id='word_1_69' title='bbox 1726 950 1739 970; x_wconf 88' lang='lat'>,</span> 
     </span>
     <span class='ocr_line' id='line_1_10' title="bbox 334 988 1743 1054; baseline 0.002 -21"><span class='ocrx_word' id='word_1_70' title='bbox 334 988 528 1035; x_wconf 85' lang='lat' dir='ltr'>alteram</span> <span class='ocrx_word' id='word_1_71' title='bbox 550 988 783 1037; x_wconf 83' lang='lat' dir='ltr'>vocabulo</span> <span class='ocrx_word' id='word_1_72' title='bbox 802 991 997 1037; x_wconf 86' lang='lat' dir='ltr'>Pomula</span> <span class='ocrx_word' id='word_1_73' title='bbox 1021 993 1070 1038; x_wconf 89' lang='lat' dir='ltr'>in</span> <span class='ocrx_word' id='word_1_74' title='bbox 1093 1008 1304 1038; x_wconf 86' lang='lat' dir='ltr'>amorem</span> <span class='ocrx_word' id='word_1_75' title='bbox 1329 993 1397 1037; x_wconf 91' lang='lat' dir='ltr'>sui</span> <span class='ocrx_word' id='word_1_76' title='bbox 1423 992 1610 1048; x_wconf 83' lang='lat' dir='ltr'>ascivit,</span> <span class='ocrx_word' id='word_1_77' title='bbox 1638 1009 1743 1054; x_wconf 86' lang='lat' dir='ltr'>pac-</span> 
     </span>
     <span class='ocr_line' id='line_1_11' title="bbox 339 1067 1739 1132; baseline 0.003 -23"><span class='ocrx_word' id='word_1_78' title='bbox 339 1075 550 1129; x_wconf 83' lang='lat' dir='ltr'>tumque,</span> <span class='ocrx_word' id='word_1_79' title='bbox 566 1077 619 1111; x_wconf 89' lang='lat' dir='ltr'>ut</span> <span class='ocrx_word' id='word_1_80' title='bbox 633 1084 790 1113; x_wconf 89' lang='lat' dir='ltr'>secum</span> <span class='ocrx_word' id='word_1_81' title='bbox 804 1069 859 1113; x_wconf 87' lang='lat' dir='ltr'>ad</span> <span class='ocrx_word' id='word_1_82' title='bbox 872 1077 1088 1114; x_wconf 86' lang='lat' dir='ltr'>sanctum</span> <span class='ocrx_word' id='word_1_83' title='bbox 1101 1069 1320 1132; x_wconf 84' lang='lat' dir='ltr'>Egidium</span> <span class='ocrx_word' id='word_1_84' title='bbox 1335 1069 1463 1114; x_wconf 90' lang='lat' dir='ltr'>illam</span> <span class='ocrx_word' id='word_1_85' title='bbox 1473 1067 1739 1124; x_wconf 81' lang='lat' dir='ltr'>deduceret,</span> 
     </span>
     <span class='ocr_line' id='line_1_12' title="bbox 339 1142 1743 1208; baseline 0.004 -22"><span class='ocrx_word' id='word_1_86' title='bbox 339 1159 446 1187; x_wconf 86' lang='lat' dir='ltr'>cum</span> <span class='ocrx_word' id='word_1_87' title='bbox 470 1160 518 1189; x_wconf 90' lang='lat' dir='ltr'>ea</span> <span class='ocrx_word' id='word_1_88' title='bbox 548 1142 678 1190; x_wconf 89' lang='lat' dir='ltr'>fecit.</span> <span class='ocrx_word' id='word_1_89' title='bbox 712 1144 913 1191; x_wconf 84' lang='lat' dir='ltr'>Volebat</span> <span class='ocrx_word' id='word_1_90' title='bbox 937 1144 1062 1191; x_wconf 89' lang='lat' dir='ltr'>enim</span> <span class='ocrx_word' id='word_1_91' title='bbox 1094 1144 1371 1208; x_wconf 85' lang='lat' dir='ltr'>parentibus</span> <span class='ocrx_word' id='word_1_92' title='bbox 1397 1157 1443 1193; x_wconf 92' lang='lat' dir='ltr'>et</span> <span class='ocrx_word' id='word_1_93' title='bbox 1466 1146 1625 1192; x_wconf 86' lang='lat' dir='ltr'>amicis</span> <span class='ocrx_word' id='word_1_94' title='bbox 1651 1147 1743 1191; x_wconf 90' lang='lat' dir='ltr'>suis</span> 
     </span>
     <span class='ocr_line' id='line_1_13' title="bbox 341 1220 1744 1288; baseline 0.003 -23"><span class='ocrx_word' id='word_1_95' title='bbox 341 1220 637 1284; x_wconf 87' lang='lat' dir='ltr'>incognitum</span> <span class='ocrx_word' id='word_1_96' title='bbox 661 1239 755 1268; x_wconf 87' lang='lat' dir='ltr'>esse</span> <span class='ocrx_word' id='word_1_97' title='bbox 778 1222 906 1286; x_wconf 87' lang='lat' dir='ltr'>quod</span> <span class='ocrx_word' id='word_1_98' title='bbox 930 1240 1031 1269; x_wconf 89' lang='lat' dir='ltr'>eam</span> <span class='ocrx_word' id='word_1_99' title='bbox 1055 1221 1288 1288; x_wconf 81' lang='lat' dir='ltr'>diligeret.</span> <span class='ocrx_word' id='word_1_100' title='bbox 1316 1223 1527 1287; x_wconf 86' lang='lat' dir='ltr'>Cumque</span> <span class='ocrx_word' id='word_1_101' title='bbox 1552 1224 1618 1269; x_wconf 90' lang='lat' dir='ltr'>illi</span> <span class='ocrx_word' id='word_1_102' title='bbox 1636 1241 1744 1269; x_wconf 92' lang='lat' dir='ltr'>mu-</span> 
     </span>
     <span class='ocr_line' id='line_1_14' title="bbox 340 1296 1745 1364; baseline 0.003 -24"><span class='ocrx_word' id='word_1_103' title='bbox 340 1297 444 1342; x_wconf 91' lang='lat' dir='ltr'>lieri</span> <span class='ocrx_word' id='word_1_104' title='bbox 465 1296 622 1343; x_wconf 88' lang='lat' dir='ltr'>locum</span> <span class='ocrx_word' id='word_1_105' title='bbox 642 1298 924 1362; x_wconf 80' lang='lat' dir='ltr'>designasset</span> <span class='ocrx_word' id='word_1_106' title='bbox 940 1298 1020 1343; x_wconf 86' lang='lat' dir='ltr'>ubi</span> <span class='ocrx_word' id='word_1_107' title='bbox 1043 1299 1527 1364; x_wconf 88' lang='lat' dir='ltr'>simuljungerentur,</span> <span class='ocrx_word' id='word_1_108' title='bbox 1549 1300 1745 1363; x_wconf 85' lang='lat' dir='ltr'>pariter—</span> 
     </span>
     <span class='ocr_line' id='line_1_15' title="bbox 339 1374 1745 1441; baseline 0.002 -22"><span class='ocrx_word' id='word_1_109' title='bbox 339 1391 432 1438; x_wconf 84' lang='lat' dir='ltr'>que</span> <span class='ocrx_word' id='word_1_110' title='bbox 464 1374 896 1437; x_wconf 85' lang='lat' dir='ltr'>proficiscerentur,</span> <span class='ocrx_word' id='word_1_111' title='bbox 935 1393 1043 1421; x_wconf 90' lang='lat' dir='ltr'>cum</span> <span class='ocrx_word' id='word_1_112' title='bbox 1075 1375 1356 1441; x_wconf 80' lang='lat' dir='ltr'>quibusdam</span> <span class='ocrx_word' id='word_1_113' title='bbox 1392 1377 1653 1440; x_wconf 79' lang='lat' dir='ltr'>peregrinis</span> <span class='ocrx_word' id='word_1_114' title='bbox 1689 1376 1745 1422; x_wconf 88' lang='lat' dir='ltr'>ad</span> 
     </span>
     <span class='ocr_line' id='line_1_16' title="bbox 341 1452 1743 1518; baseline 0.004 -23"><span class='ocrx_word' id='word_1_115' title='bbox 341 1461 555 1496; x_wconf 84' lang='lat' dir='ltr'>sanctum</span> <span class='ocrx_word' id='word_1_116' title='bbox 590 1452 812 1515; x_wconf 88' lang='lat' dir='ltr'>Egidium</span> <span class='ocrx_word' id='word_1_117' title='bbox 843 1453 916 1515; x_wconf 76' lang='lat'>(2)</span> <span class='ocrx_word' id='word_1_118' title='bbox 953 1453 1174 1499; x_wconf 87' lang='lat' dir='ltr'>euntibus</span> <span class='ocrx_word' id='word_1_119' title='bbox 1206 1454 1295 1500; x_wconf 86' lang='lat' dir='ltr'>iter</span> <span class='ocrx_word' id='word_1_120' title='bbox 1327 1455 1544 1518; x_wconf 87' lang='lat' dir='ltr'>arripuit.</span> <span class='ocrx_word' id='word_1_121' title='bbox 1576 1453 1639 1500; x_wconf 84' lang='lat' dir='ltr'>At</span> <span class='ocrx_word' id='word_1_122' title='bbox 1667 1454 1743 1499; x_wconf 80' lang='lat' dir='ltr'>illa</span> 
     </span>
     <span class='ocr_line' id='line_1_17' title="bbox 344 1529 1746 1594; baseline 0.003 -21"><span class='ocrx_word' id='word_1_123' title='bbox 344 1530 443 1591; x_wconf 90' lang='lat' dir='ltr'>ipso</span> <span class='ocrx_word' id='word_1_124' title='bbox 469 1529 717 1593; x_wconf 80' lang='lat' dir='ltr'>ignorante</span> <span class='ocrx_word' id='word_1_125' title='bbox 740 1529 797 1575; x_wconf 87' lang='lat' dir='ltr'>ab</span> <span class='ocrx_word' id='word_1_126' title='bbox 824 1529 908 1575; x_wconf 87' lang='lat' dir='ltr'>hac</span> <span class='ocrx_word' id='word_1_127' title='bbox 932 1531 1149 1594; x_wconf 85' lang='lat' dir='ltr'>pactione</span> <span class='ocrx_word' id='word_1_128' title='bbox 1180 1531 1387 1588; x_wconf 86' lang='lat' dir='ltr'>resiluit,</span> <span class='ocrx_word' id='word_1_129' title='bbox 1419 1542 1465 1578; x_wconf 89' lang='lat' dir='ltr'>et</span> <span class='ocrx_word' id='word_1_130' title='bbox 1491 1531 1624 1578; x_wconf 80' lang='lat' dir='ltr'>alteri</span> <span class='ocrx_word' id='word_1_131' title='bbox 1650 1532 1746 1577; x_wconf 90' lang='lat' dir='ltr'>cle-</span> 
     </span>
     <span class='ocr_line' id='line_1_18' title="bbox 342 1604 1745 1664; baseline 0.001 -14"><span class='ocrx_word' id='word_1_132' title='bbox 342 1604 441 1651; x_wconf 86' lang='lat' dir='ltr'>rico</span> <span class='ocrx_word' id='word_1_133' title='bbox 479 1622 526 1651; x_wconf 89' lang='lat' dir='ltr'>se</span> <span class='ocrx_word' id='word_1_134' title='bbox 555 1606 765 1651; x_wconf 85' lang='lat' dir='ltr'>sociavit.</span> <span class='ocrx_word' id='word_1_135' title='bbox 800 1605 863 1651; x_wconf 86' lang='lat' dir='ltr'>At</span> <span class='ocrx_word' id='word_1_136' title='bbox 887 1623 1000 1654; x_wconf 83' lang='lat' dir='ltr'>vero</span> <span class='ocrx_word' id='word_1_137' title='bbox 1034 1606 1321 1664; x_wconf 70' lang='lat' dir='ltr'>Ansemdus,</span> <span class='ocrx_word' id='word_1_138' title='bbox 1361 1625 1468 1653; x_wconf 87' lang='lat' dir='ltr'>cum</span> <span class='ocrx_word' id='word_1_139' title='bbox 1497 1607 1553 1653; x_wconf 89' lang='lat' dir='ltr'>ad</span> <span class='ocrx_word' id='word_1_140' title='bbox 1588 1607 1745 1654; x_wconf 91' lang='lat' dir='ltr'>locum</span> 
     </span>
     <span class='ocr_line' id='line_1_19' title="bbox 341 1681 1745 1748; baseline 0.002 -22"><span class='ocrx_word' id='word_1_141' title='bbox 341 1698 483 1744; x_wconf 80' lang='lat' dir='ltr'>quem</span> <span class='ocrx_word' id='word_1_142' title='bbox 517 1681 705 1729; x_wconf 87' lang='lat' dir='ltr'>mulieri</span> <span class='ocrx_word' id='word_1_143' title='bbox 743 1681 1030 1746; x_wconf 83' lang='lat' dir='ltr'>designarat,</span> <span class='ocrx_word' id='word_1_144' title='bbox 1068 1685 1381 1746; x_wconf 88' lang='lat' dir='ltr'>pervenisset,</span> <span class='ocrx_word' id='word_1_145' title='bbox 1421 1701 1613 1748; x_wconf 87' lang='lat' dir='ltr'>eamque</span> <span class='ocrx_word' id='word_1_146' title='bbox 1647 1701 1745 1730; x_wconf 90' lang='lat' dir='ltr'>non</span> 
     </span>
     <span class='ocr_line' id='line_1_20' title="bbox 344 1759 1748 1826; baseline 0.002 -23"><span class='ocrx_word' id='word_1_147' title='bbox 344 1760 613 1823; x_wconf 82' lang='lat' dir='ltr'>reperisset,</span> <span class='ocrx_word' id='word_1_148' title='bbox 641 1759 759 1806; x_wconf 84' lang='lat' dir='ltr'>dixit</span> <span class='ocrx_word' id='word_1_149' title='bbox 787 1760 856 1806; x_wconf 88' lang='lat' dir='ltr'>his</span> <span class='ocrx_word' id='word_1_150' title='bbox 876 1778 983 1807; x_wconf 88' lang='lat' dir='ltr'>cum</span> <span class='ocrx_word' id='word_1_151' title='bbox 1005 1761 1176 1826; x_wconf 83' lang='lat' dir='ltr'>quibus</span> <span class='ocrx_word' id='word_1_152' title='bbox 1202 1761 1499 1826; x_wconf 79' lang='lat' dir='ltr'>gradiebatur</span> <span class='ocrx_word' id='word_1_153' title='bbox 1521 1782 1530 1807; x_wconf 89' lang='lat'><strong>:</strong></span> <span class='ocrx_word' id='word_1_154' title='bbox 1560 1761 1748 1826; x_wconf 77' lang='lat' dir='ltr'>Oportet</span> 
     </span>
     <span class='ocr_line' id='line_1_21' title="bbox 343 1836 1747 1902; baseline 0.002 -22"><span class='ocrx_word' id='word_1_155' title='bbox 343 1854 416 1881; x_wconf 84' lang='lat' dir='ltr'>me</span> <span class='ocrx_word' id='word_1_156' title='bbox 448 1836 518 1881; x_wconf 80' lang='lat' dir='ltr'>acl</span> <span class='ocrx_word' id='word_1_157' title='bbox 550 1836 743 1882; x_wconf 79' lang='lat' dir='ltr'>domum</span> <span class='ocrx_word' id='word_1_158' title='bbox 773 1855 930 1884; x_wconf 78' lang='lat' dir='ltr'>meam</span> <span class='ocrx_word' id='word_1_159' title='bbox 959 1842 1143 1896; x_wconf 64' lang='lat' dir='ltr'>reverti,</span> <span class='ocrx_word' id='word_1_160' title='bbox 1180 1840 1296 1902; x_wconf 73' lang='lat' dir='ltr'>quia</span> <span class='ocrx_word' id='word_1_161' title='bbox 1326 1856 1422 1884; x_wconf 79' lang='lat' dir='ltr'>rem</span> <span class='ocrx_word' id='word_1_162' title='bbox 1449 1838 1565 1883; x_wconf 71' lang='lat' dir='ltr'>milti</span> <span class='ocrx_word' id='word_1_163' title='bbox 1594 1854 1747 1884; x_wconf 76' lang='lat' dir='ltr'>neees-</span> 
     </span>
     <span class='ocr_line' id='line_1_22' title="bbox 342 1913 1746 1961; baseline 0.002 -5"><span class='ocrx_word' id='word_1_164' title='bbox 342 1913 525 1958; x_wconf 76' lang='lat' dir='ltr'>sariam</span> <span class='ocrx_word' id='word_1_165' title='bbox 551 1913 781 1959; x_wconf 61' lang='lat' dir='ltr'>oblivioni</span> <span class='ocrx_word' id='word_1_166' title='bbox 809 1913 1008 1960; x_wconf 70' lang='lat' dir='ltr'>tradidi.</span> <span class='ocrx_word' id='word_1_167' title='bbox 1051 1915 1106 1960; x_wconf 87' lang='lat' dir='ltr'><em>V</em></span> <span class='ocrx_word' id='word_1_168' title='bbox 1100 1933 1149 1960; x_wconf 80' lang='lat' dir='ltr'>os</span> <span class='ocrx_word' id='word_1_169' title='bbox 1181 1932 1293 1961; x_wconf 78' lang='lat' dir='ltr'>vero</span> <span class='ocrx_word' id='word_1_170' title='bbox 1326 1918 1374 1960; x_wconf 80' lang='lat' dir='ltr'>in</span> <span class='ocrx_word' id='word_1_171' title='bbox 1405 1914 1558 1960; x_wconf 79' lang='lat' dir='ltr'>eundo</span> <span class='ocrx_word' id='word_1_172' title='bbox 1588 1931 1746 1960; x_wconf 80' lang='lat' dir='ltr'>moras</span> 
     </span>
     <span class='ocr_line' id='line_1_23' title="bbox 344 1990 1748 2057; baseline 0.001 -24"><span class='ocrx_word' id='word_1_173' title='bbox 344 1990 576 2035; x_wconf 76' lang='lat' dir='ltr'>innectere</span> <span class='ocrx_word' id='word_1_174' title='bbox 591 1990 751 2048; x_wconf 82' lang='lat' dir='ltr'>nolite,</span> <span class='ocrx_word' id='word_1_175' title='bbox 773 1992 889 2054; x_wconf 76' lang='lat' dir='ltr'>quia</span> <span class='ocrx_word' id='word_1_176' title='bbox 906 1992 1113 2037; x_wconf 76' lang='lat' dir='ltr'>celeriter</span> <span class='ocrx_word' id='word_1_177' title='bbox 1118 2009 1390 2057; x_wconf 76' lang='lat' dir='ltr'>prosequar</span> <span class='ocrx_word' id='word_1_178' title='bbox 1407 2009 1508 2038; x_wconf 76' lang='lat' dir='ltr'>vos.</span> <span class='ocrx_word' id='word_1_179' title='bbox 1531 1991 1622 2051; x_wconf 88' lang='lat' dir='ltr'>Qui</span> <span class='ocrx_word' id='word_1_180' title='bbox 1641 2007 1748 2036; x_wconf 88' lang='lat' dir='ltr'>cum</span> 
     </span>
     <span class='ocr_line' id='line_1_24' title="bbox 345 2065 1747 2133; baseline 0.001 -22"><span class='ocrx_word' id='word_1_181' title='bbox 345 2065 565 2123; x_wconf 89' lang='lat' dir='ltr'>domum,</span> <span class='ocrx_word' id='word_1_182' title='bbox 594 2068 640 2112; x_wconf 90' lang='lat' dir='ltr'>in</span> <span class='ocrx_word' id='word_1_183' title='bbox 661 2085 749 2131; x_wconf 84' lang='lat' dir='ltr'>qua</span> <span class='ocrx_word' id='word_1_184' title='bbox 778 2067 853 2113; x_wconf 85' lang='lat' dir='ltr'>illa</span> <span class='ocrx_word' id='word_1_185' title='bbox 879 2068 1051 2115; x_wconf 86' lang='lat' dir='ltr'>mulier</span> <span class='ocrx_word' id='word_1_186' title='bbox 1077 2068 1323 2126; x_wconf 84' lang='lat' dir='ltr'>manebat,</span> <span class='ocrx_word' id='word_1_187' title='bbox 1353 2079 1490 2115; x_wconf 89' lang='lat' dir='ltr'>nocte</span> <span class='ocrx_word' id='word_1_188' title='bbox 1518 2070 1747 2133; x_wconf 86' lang='lat' dir='ltr'>ingressus</span> 
     </span>
     <span class='ocr_line' id='line_1_25' title="bbox 346 2143 1750 2198; baseline 0.001 -9"><span class='ocrx_word' id='word_1_189' title='bbox 346 2153 486 2198; x_wconf 84' lang='lat' dir='ltr'>essct,</span> <span class='ocrx_word' id='word_1_190' title='bbox 518 2143 699 2189; x_wconf 88' lang='lat' dir='ltr'>invenit</span> <span class='ocrx_word' id='word_1_191' title='bbox 722 2144 826 2190; x_wconf 86' lang='lat' dir='ltr'>illos</span> <span class='ocrx_word' id='word_1_192' title='bbox 849 2143 1211 2192; x_wconf 77' lang='lat' dir='ltr'>discumbentes.</span> <span class='ocrx_word' id='word_1_193' title='bbox 1240 2147 1306 2192; x_wconf 89' lang='lat' dir='ltr'>At</span> <span class='ocrx_word' id='word_1_194' title='bbox 1331 2146 1407 2191; x_wconf 88' lang='lat' dir='ltr'>illa</span> <span class='ocrx_word' id='word_1_195' title='bbox 1427 2146 1584 2190; x_wconf 86' lang='lat' dir='ltr'>statim</span> <span class='ocrx_word' id='word_1_196' title='bbox 1608 2143 1750 2190; x_wconf 89' lang='lat' dir='ltr'>dilec-</span> 
     </span>
     <span class='ocr_line' id='line_1_26' title="bbox 349 2219 1747 2285; baseline -0.001 -20"><span class='ocrx_word' id='word_1_197' title='bbox 349 2221 440 2266; x_wconf 80' lang='lat' dir='ltr'>tori</span> <span class='ocrx_word' id='word_1_198' title='bbox 471 2237 554 2266; x_wconf 89' lang='lat' dir='ltr'>suo</span> <span class='ocrx_word' id='word_1_199' title='bbox 587 2219 841 2267; x_wconf 85' lang='lat' dir='ltr'>adventum</span> <span class='ocrx_word' id='word_1_200' title='bbox 871 2224 967 2285; x_wconf 84' lang='lat' dir='ltr'>ejus</span> <span class='ocrx_word' id='word_1_201' title='bbox 1002 2223 1255 2269; x_wconf 83' lang='lat' dir='ltr'>intimavit.</span> <span class='ocrx_word' id='word_1_202' title='bbox 1295 2223 1386 2281; x_wconf 84' lang='lat' dir='ltr'>Qui</span> <span class='ocrx_word' id='word_1_203' title='bbox 1424 2222 1572 2268; x_wconf 89' lang='lat' dir='ltr'>securi</span> <span class='ocrx_word' id='word_1_204' title='bbox 1604 2237 1747 2267; x_wconf 85' lang='lat' dir='ltr'>manu</span> 
     </span>
     <span class='ocr_line' id='line_1_27' title="bbox 347 2299 1749 2364; baseline 0.001 -21"><span class='ocrx_word' id='word_1_205' title='bbox 347 2309 529 2362; x_wconf 80' lang='lat' dir='ltr'>arrepta</span> <span class='ocrx_word' id='word_1_206' title='bbox 558 2299 604 2345; x_wconf 88' lang='lat' dir='ltr'>in</span> <span class='ocrx_word' id='word_1_207' title='bbox 629 2300 779 2362; x_wconf 81' lang='lat' dir='ltr'>capite</span> <span class='ocrx_word' id='word_1_208' title='bbox 801 2300 933 2346; x_wconf 88' lang='lat' dir='ltr'>illum</span> <span class='ocrx_word' id='word_1_209' title='bbox 956 2302 1208 2364; x_wconf 85' lang='lat' dir='ltr'>percussit,</span> <span class='ocrx_word' id='word_1_210' title='bbox 1237 2313 1282 2347; x_wconf 92' lang='lat' dir='ltr'>et</span> <span class='ocrx_word' id='word_1_211' title='bbox 1307 2301 1568 2347; x_wconf 80' lang='lat' dir='ltr'>exanimem</span> <span class='ocrx_word' id='word_1_212' title='bbox 1592 2299 1749 2345; x_wconf 86' lang='lat' dir='ltr'>reddi-</span> 
     </span>
     <span class='ocr_line' id='line_1_28' title="bbox 347 2376 1744 2442; baseline 0.001 -21"><span class='ocrx_word' id='word_1_213' title='bbox 347 2376 432 2421; x_wconf 89' lang='lat' dir='ltr'>dit.</span> <span class='ocrx_word' id='word_1_214' title='bbox 462 2377 640 2424; x_wconf 88' lang='lat' dir='ltr'>Deinde</span> <span class='ocrx_word' id='word_1_215' title='bbox 661 2378 706 2422; x_wconf 91' lang='lat' dir='ltr'>in</span> <span class='ocrx_word' id='word_1_216' title='bbox 732 2395 916 2424; x_wconf 88' lang='lat' dir='ltr'>saccum</span> <span class='ocrx_word' id='word_1_217' title='bbox 942 2379 1201 2425; x_wconf 87' lang='lat' dir='ltr'>intromisit</span> <span class='ocrx_word' id='word_1_218' title='bbox 1225 2388 1272 2425; x_wconf 81' lang='lat' dir='ltr'>et</span> <span class='ocrx_word' id='word_1_219' title='bbox 1289 2379 1474 2442; x_wconf 90' lang='lat' dir='ltr'>longius</span> <span class='ocrx_word' id='word_1_220' title='bbox 1493 2378 1744 2441; x_wconf 78' lang='lat' dir='ltr'>pertraxit,</span> 
     </span>
     <span class='ocr_line' id='line_1_29' title="bbox 346 2454 1747 2520; baseline -0.002 -20"><span class='ocrx_word' id='word_1_221' title='bbox 346 2467 486 2519; x_wconf 83' lang='lat' dir='ltr'>atque</span> <span class='ocrx_word' id='word_1_222' title='bbox 504 2454 648 2503; x_wconf 88' lang='lat' dir='ltr'>humo</span> <span class='ocrx_word' id='word_1_223' title='bbox 669 2458 944 2520; x_wconf 85' lang='lat' dir='ltr'>cooperiens</span> <span class='ocrx_word' id='word_1_224' title='bbox 963 2457 1190 2504; x_wconf 89' lang='lat' dir='ltr'>occuluit.</span> <span class='ocrx_word' id='word_1_225' title='bbox 1215 2456 1305 2516; x_wconf 87' lang='lat' dir='ltr'>Qui</span> <span class='ocrx_word' id='word_1_226' title='bbox 1328 2474 1434 2502; x_wconf 89' lang='lat' dir='ltr'>cum</span> <span class='ocrx_word' id='word_1_227' title='bbox 1449 2465 1556 2520; x_wconf 86' lang='lat' dir='ltr'>post</span> <span class='ocrx_word' id='word_1_228' title='bbox 1573 2454 1747 2500; x_wconf 86' lang='lat' dir='ltr'>multos</span> 
     </span>
     <span class='ocr_line' id='line_1_30' title="bbox 348 2531 1742 2596; baseline 0.001 -22"><span class='ocrx_word' id='word_1_229' title='bbox 348 2531 443 2578; x_wconf 83' lang='lat' dir='ltr'>dies</span> <span class='ocrx_word' id='word_1_230' title='bbox 469 2534 685 2580; x_wconf 89' lang='lat' dir='ltr'>inventus</span> <span class='ocrx_word' id='word_1_231' title='bbox 706 2533 868 2581; x_wconf 85' lang='lat' dir='ltr'>fuisset</span> <span class='ocrx_word' id='word_1_232' title='bbox 887 2534 1262 2596; x_wconf 83' lang='lat' dir='ltr'>(denudaverant</span> <span class='ocrx_word' id='word_1_233' title='bbox 1286 2534 1411 2581; x_wconf 85' lang='lat' dir='ltr'>enim</span> <span class='ocrx_word' id='word_1_234' title='bbox 1432 2551 1538 2581; x_wconf 86' lang='lat' dir='ltr'>cum</span> <span class='ocrx_word' id='word_1_235' title='bbox 1559 2531 1742 2584; x_wconf 76' lang='lat' dir='ltr'>bestiae,</span> 
     </span>
    </p>
   </div>
   <div class='ocr_carea' id='block_1_3' title="bbox 398 2711 1490 2817">
    <p class='ocr_par' dir='ltr' id='par_1_3' title="bbox 398 2711 1490 2817">
     <span class='ocr_line' id='line_1_31' title="bbox 398 2711 1050 2753; baseline 0.012 -13"><span class='ocrx_word' id='word_1_236' title='bbox 398 2711 447 2750; x_wconf 76' lang='grc' dir='ltr'>(ι)</span> <span class='ocrx_word' id='word_1_237' title='bbox 475 2723 499 2741; x_wconf 85' lang='grc' dir='ltr'>ι.</span> <span class='ocrx_word' id='word_1_238' title='bbox 516 2712 684 2745; x_wconf 77' lang='lat' dir='ltr'>Corinth.</span> <span class='ocrx_word' id='word_1_239' title='bbox 706 2725 738 2751; x_wconf 76' lang='lat' dir='ltr'>v,</span> <span class='ocrx_word' id='word_1_240' title='bbox 765 2712 815 2748; x_wconf 71' lang='lat'>13.</span> <span class='ocrx_word' id='word_1_241' title='bbox 838 2734 881 2738; x_wconf 90' lang='lat'>—</span> <span class='ocrx_word' id='word_1_242' title='bbox 905 2726 972 2753; x_wconf 75' lang='lat' dir='ltr'>vn,</span> <span class='ocrx_word' id='word_1_243' title='bbox 1000 2713 1050 2748; x_wconf 75' lang='lat'>15.</span> 
     </span>
     <span class='ocr_line' id='line_1_32' title="bbox 398 2768 1490 2817; baseline 0.002 -18"><span class='ocrx_word' id='word_1_244' title='bbox 398 2768 446 2811; x_wconf 54' lang='grc' dir='ltr'>(Ἦ</span> <span class='ocrx_word' id='word_1_245' title='bbox 473 2768 746 2803; x_wconf 64' lang='lat' dir='ltr'>Probablemvnt</span> <span class='ocrx_word' id='word_1_246' title='bbox 767 2772 1021 2812; x_wconf 66' lang='lat' dir='ltr'>Safini-(linos,</span> <span class='ocrx_word' id='word_1_247' title='bbox 1043 2772 1287 2817; x_wconf 70' lang='lat' dir='ltr'>sl‹‘=p.·u·trm&lt;·u¹</span> <span class='ocrx_word' id='word_1_248' title='bbox 1312 2771 1356 2804; x_wconf 78' lang='lat' dir='ltr'>‹lu</span> <span class='ocrx_word' id='word_1_249' title='bbox 1379 2768 1490 2803; x_wconf 80' lang='lat' dir='ltr'>Gard.</span> 
     </span>
    </p>
   </div>
  </div>
 </body>
</html>
