1951 3194
135 253 269 302 [1067]
616 247 770 287 LIBER
800 246 1054 295 QUARTUS.
1472 249 1547 285 160

128 340 288 378 renter
308 328 528 375 interfuit
541 364 553 385 ‚
575 339 621 374 et
640 327 842 383 utillima
863 327 1009 374 totius
1029 325 1196 390 populi
1218 324 1546 372 commoditati

130 406 278 454 edicta
296 405 383 451 sub
398 422 513 452 voce
532 405 768 469 praeconis
783 404 1122 468 promulgavit.
1143 403 1322 451 Deinde
1336 403 1423 449 kal.
1438 403 1546 467 julii

129 485 370 531 ecclesiam
405 485 589 530 Sanctae
622 484 788 529 Mariae
820 482 943 546 apud
972 482 1321 531 Gemmeticum
1353 482 1423 544 (1)
1462 481 1548 528 de-

127 563 272 609 dicari
312 563 562 626 praecepit,
603 572 649 609 et
689 561 786 624 ipse
825 577 957 607 sacro
999 561 1231 625 mysterio
1264 569 1548 607 veneranter

125 640 276 687 affuit.
308 640 571 704 Utramque
592 639 822 685 nimirum
844 655 900 684 ex
921 637 1112 702 praediis
1139 638 1340 684 dominii
1362 637 1432 683 sui
1454 637 1544 683 lar-

126 720 249 784 giter
271 718 476 774 dotavit,
501 734 675 781 suaque
698 716 967 780 praesentia,
988 716 1104 762 dum
1129 726 1345 762 sanctum
1364 726 1547 781 myste-

125 798 250 843 rium
281 796 617 852 celebraretur,
652 794 821 841 devote
852 793 1142 840 sublimavit.
1176 794 1425 840 Maurilius
1454 796 1547 841 Ro-

126 875 407 939 tomagensis
436 872 812 936 archiepiscopus
844 889 953 918 cum
984 872 1287 936 suffraganeis
1315 872 1544 935 episcopis

124 950 244 997 hanc
280 950 626 998 dedicationem
664 948 909 995 humiliter
944 959 991 995 et
1021 949 1189 996 devote
1222 949 1540 1013 perpetravit,

123 1040 168 1075 et
188 1028 330 1093 paulo
347 1039 455 1092 post
470 1065 481 1085 ,
501 1028 784 1077 duodecimo
806 1028 1101 1092 episcopatus
1117 1028 1188 1074 sui
1207 1044 1353 1085 anno,
1378 1028 1425 1074 in
1445 1027 1545 1074 lec-

126 1117 224 1152 tum
254 1105 495 1153 decubuit.
530 1107 726 1153 Peracto
757 1117 915 1153 autem
939 1105 1167 1171 quicquid
1204 1106 1425 1171 religioso
1457 1107 1541 1152 Dei

123 1185 334 1231 vernulae
362 1185 618 1248 competit,
652 1192 701 1231 v⁰
729 1183 830 1230 idus
854 1185 1037 1248 augusti
1064 1184 1121 1230 ad
1145 1185 1327 1242 Deum,
1354 1185 1429 1231 cui
1460 1185 1543 1231 diu

123 1262 346 1307 servierat
367 1298 379 1318 ,
418 1261 656 1325 migravit.
696 1260 880 1325 Corpus
914 1278 1027 1308 vero
1065 1263 1162 1325 ejus
1200 1262 1248 1307 in
1289 1262 1538 1325 episcopali

122 1337 309 1383 ecclesia
334 1337 498 1402 (quam
517 1338 613 1401 ipse
634 1347 743 1383 ante
760 1355 790 1384 v
808 1354 983 1393 annos,
1008 1336 1272 1384 indictione
1293 1346 1344 1394 1³,
1367 1349 1540 1384 sanctae

120 1416 207 1462 Dei
231 1417 451 1479 genitrici
477 1416 643 1462 Mariae
666 1416 987 1479 dedicaverat)
1009 1416 1213 1462 delatum
1241 1426 1335 1473 est,
1363 1427 1410 1462 et
1432 1426 1540 1463 aute

121 1492 401 1539 crucifixum
423 1493 493 1557 (2)
519 1492 783 1540 honorifice
808 1493 1096 1540 tumulatum
1118 1503 1202 1540 est.
1229 1493 1539 1558 Epitaphium

120 1580 277 1616 autem
301 1573 398 1635 ejus
424 1590 446 1617 a
472 1571 675 1618 Ricardo
698 1570 915 1618 Herluini
940 1571 1065 1628 lilio,
1098 1571 1303 1635 ejusdem
1332 1571 1539 1617 ecclesiae

121 1649 375 1704 canonico,
400 1649 579 1695 editum
605 1659 674 1695 est
689 1684 701 1705 ‚
729 1659 775 1695 et
797 1666 937 1712 super
958 1650 1110 1712 ipsum
1130 1650 1179 1695 in
1197 1649 1333 1712 cupri
1353 1648 1538 1694 laminis

121 1743 175 1771 ex
200 1743 315 1773 auro
339 1728 403 1773 sic
429 1727 660 1791 scriptum
687 1738 755 1773 est
776 1748 786 1772 :

304 1838 466 1871 Humani
486 1838 591 1881 cives,
612 1838 808 1884 lacrymam
829 1838 943 1872 nolite
963 1851 1094 1885 negare

352 1897 486 1931 Vestro
504 1897 668 1942 pontifici
688 1897 859 1931 Mam-ilio
879 1898 1072 1932 monacho.

306 1955 414 1988 Hunc
433 1955 559 1990 Remis
579 1957 722 2002 genuit,
746 1957 954 1990 studiorum
971 1958 1081 2004 Legia
1100 1958 1224 1991 nutrix

351 2014 493 2048 Potavit
510 2015 634 2050 trifido
651 2016 752 2050 fonte
770 2016 1039 2063 philosophico.

313 2073 424 2107 Vobis
442 2074 536 2108 hanc
554 2075 665 2109 aedem
681 2083 835 2122 coeptam
853 2077 1025 2123 perduxit
1044 2076 1088 2111 ad
1107 2088 1267 2123 unguem
1284 2092 1291 2117 3

352 2133 486 2167 Laetitia
504 2146 633 2180 magna
650 2134 737 2169 fecit
754 2142 790 2169 et
807 2137 975 2170 cncaeuia.

302 2192 396 2226 Cum
414 2192 493 2233 tibi,
514 2194 698 2237 Laurenti,
721 2195 847 2242 vigilat
864 2195 965 2242 plebs
984 2195 1105 2230 sobria
1125 2196 1264 2231 Christi
1277 2224 1284 2234 ,

352 2253 516 2295 Transit,
539 2260 574 2287 et
594 2254 630 2287 in
650 2254 749 2288 coelis
768 2254 890 2289 laurea
910 2255 998 2289 festa
1017 2254 1115 2289 colit.

167 2458 215 2500 (1)
244 2456 287 2489 La
304 2456 367 2489 nef
377 2456 421 2490 de
441 2464 533 2492 cette
552 2459 674 2505 eglise,
694 2460 784 2495 dont
801 2461 834 2495 la
852 2463 1102 2496 construction
1117 2462 1209 2495 avait
1227 2462 1284 2494 ete
1300 2462 1531 2494 conunenccc

121 2527 185 2559 par
207 2514 343 2548 Rohert
361 2515 562 2561 Champert
577 2529 622 2551 cu
645 2522 743 2561 1040,
765 2527 819 2553 est
838 2520 869 2553 la
886 2520 1005 2554 meme
1025 2520 1116 2554 dont
1130 2520 1179 2553 les
1195 2519 1318 2553 ruines
1334 2518 1531 2553 subsistent

120 2584 262 2606 encore.

164 2633 213 2676 (¹2)
238 2632 297 2666 On
318 2633 384 2666 san.
404 2646 473 2679 quc
491 2645 548 2667 ecs
568 2642 658 2668 inots
679 2635 872 2681 designent
898 2637 1060 2682 {suljours
1087 2637 1119 2670 10
1139 2636 1287 2670 crucifix
1307 2635 1407 2682 place
1426 2643 1530 2670 entre

120 2690 151 2723 lc
166 2691 292 2725 01100111·
311 2698 345 2725 vt
364 2691 396 2725 la
412 2693 482 2726 ncl'.
504 2693 595 2727 (I'cst
619 2706 662 2728 011
682 2694 764 2729 vss'ct
782 2702 885 2730 entre
901 2696 930 2730 lc
947 2696 1073 2730 clioeur
1088 2703 1123 2730 ct
1143 2696 1173 2730 la
1193 2696 1256 2730 ncl=
1272 2696 1468 2742 principale
1482 2697 1527 2729 dr

121 2748 151 2782 la
172 2750 375 2785 cathedrale
400 2751 444 2785 ‹lc
463 2752 591 2787 Rom-u
611 2766 679 2799 quc
695 2754 745 2787 1111
769 2757 912 2790 (11110110
941 2756 1109 2797 Maurilc,
1128 2768 1272 2792 1ῑο1111110
1292 2756 1443 2791 l'aucstc
1463 2768 1528 2790 cu·-
