1951 3194
590 221 742 259 LIBER
771 222 1012 269 QUINTUS.
1436 226 1513 264 423

105 301 235 364 gerio
258 310 304 346 et
324 300 527 346 Arnulfo
550 300 761 364 singulos
781 301 1031 347 comitatus
1054 301 1128 364 (ι)
1154 301 1347 347 callidus
1374 301 1511 352 heros

106 377 153 421 in
178 376 271 421 vita
296 394 375 421 sua
396 376 692 439 procuravit,
720 393 839 439 quos
859 387 965 439 post
989 379 1084 440 ejus
1108 393 1325 423 oceasum
1347 378 1512 426 ambo—

105 452 193 499 bus
216 452 409 517 perfidia
424 489 437 511 ,
464 463 694 517 regnante
720 455 948 513 Henrico,
976 454 1227 502 confestim
1253 454 1463 503 abstulit.

166 532 240 576 En
275 531 612 595 digressionem
649 531 1135 597 quantulamcumque
1172 533 1261 581 feci
1299 533 1356 581 de
1392 552 1512 582 con-

101 608 364 654 structione
387 607 689 663 monasterii,
711 607 841 670 quod
864 608 913 654 in
932 608 1084 657 fundo
1105 611 1251 673 patris
1268 611 1359 658 mei
1382 628 1511 657 nune

100 685 334 731 inhabitat
357 684 532 731 familia
555 684 757 740 Christi,
784 695 831 731 et
854 684 935 730 ubi
957 686 1053 748 ipse
1075 687 1265 750 genitor
1285 706 1416 734 meus
1437 690 1513 752 (ut

99 763 323 824 memini)
345 764 444 824 jam
466 761 790 825 sexagenarius
821 772 991 825 sponte
1018 761 1112 809 fine
1145 773 1278 810 tenus
1304 766 1513 828 portavit

94 843 259 903 jugum
277 838 489 885 Domini.
508 839 668 895 Parce,
691 855 871 902 quaeso,
899 837 1025 885 bone
1050 839 1221 899 lector,
1240 859 1327 888 nec
1345 843 1511 890 moles-

100 926 202 961 tum
226 915 310 961 tibi
336 916 412 973 sit,
432 933 620 979 precor,
647 916 682 962 si
704 915 761 962 de
784 925 917 980 pat-re
937 934 1044 965 meo
1063 917 1242 982 aliquid
1264 921 1509 968 memoriae

98 993 373 1040 tradiderim
394 994 659 1040 litterarum
672 1013 685 1051 3
713 1011 856 1058 quem
880 1011 979 1041 non
998 995 1120 1054 vidi,
1139 1014 1194 1043 ex
1211 1014 1309 1061 quo
1332 1015 1432 1055 me,
1457 1010 1510 1044 ut

95 1089 290 1118 exosum
317 1071 405 1118 sibi
431 1072 704 1136 privignum
731 1082 776 1118 et
809 1089 899 1136 pro
928 1089 1088 1120 amore
1120 1075 1382 1132 Creatoris,
1423 1093 1509 1138 pe-

95 1148 216 1211 pulit
245 1149 293 1193 in
316 1147 525 1194 exilium.
549 1148 651 1193 Jam
669 1164 764 1193 XLII
784 1148 895 1194 anni
921 1159 1055 1206 sunt,
1079 1150 1128 1195 in
1151 1149 1325 1214 quibus
1342 1151 1507 1198 multae

97 1227 382 1273 mutationes
411 1243 574 1272 rerum
613 1225 702 1272 late
731 1244 817 1291 per
847 1225 1015 1274 orbem
1050 1227 1188 1274 factae
1220 1239 1346 1275 sunt.
1383 1231 1509 1276 Dum

96 1321 218 1368 saepe
241 1304 297 1351 de
321 1303 392 1349 his
417 1305 599 1368 cogito,
628 1314 674 1350 et
704 1305 923 1369 quaedam
952 1305 1126 1351 chartis
1161 1306 1317 1353 insero
1351 1308 1509 1370 (caute

96 1382 313 1427 resistens
345 1381 494 1444 otio),
523 1381 587 1427 sie
612 1380 794 1427 dictans
817 1399 892 1428 me
926 1399 1138 1429 exerceo.
1177 1382 1317 1429 Nunc
1340 1385 1397 1430 ad
1429 1386 1507 1432 in-

94 1467 302 1520 coeptam
335 1467 544 1504 revertar
576 1458 850 1514 materiam,
883 1460 1092 1523 meisque
1119 1459 1393 1523 junioribus
1424 1461 1507 1508 ad-

93 1551 210 1579 vena
236 1533 466 1599 indigenis
485 1533 542 1581 de
560 1533 700 1580 rebus
717 1535 830 1593 suis,
848 1552 955 1599 quae
975 1536 1215 1593 nesciunt,
1235 1536 1502 1597 edisseram,

93 1622 140 1657 et
165 1611 256 1658 hoe
282 1613 345 1659 eis
370 1612 515 1658 modo
539 1611 740 1667 utiliter,
768 1612 1033 1675 opitulante
1058 1613 1174 1669 Deo,
1203 1615 1418 1661 serviam.

158 1689 267 1737 XV.
306 1690 469 1753 [CmeA
505 1689 665 1752 1075.]
700 1688 980 1736 Goisbertus
1019 1691 1133 1736 civis
1172 1691 1502 1750 carnotensis,

95 1778 145 1814 ut
168 1768 349 1813 dictum
374 1776 442 1813 est
461 1768 561 1830 (2),
588 1767 645 1812 ad
669 1768 1029 1814 conversionem
1060 1768 1192 1814 venit
1208 1804 1221 1825 ,
1253 1770 1504 1832 optimam-

91 1861 183 1907 que
202 1843 395 1889 domum
411 1878 424 1899 ,
450 1860 592 1907 quam
619 1843 666 1887 in
692 1842 812 1889 urhe
841 1842 1084 1900 habuerat,
1114 1861 1213 1890 xxx
1235 1844 1369 1891 libris
1393 1847 1504 1892 Car-

93 1921 365 1967 notensium
401 1919 639 1975 vendidit,
676 1929 926 1984 totumque
960 1921 1167 1984 pretium
1200 1922 1500 1970 Uticensibus

91 2007 289 2044 ovanter
301 1995 482 2043 retulit.
501 1995 589 2041 Hic
603 2005 701 2042 erat
720 2005 895 2042 statura
913 2014 1137 2060 procerus
1155 2007 1202 2044 et
1219 1998 1370 2054 exilis,
1392 2017 1500 2047 mo—

90 2073 220 2119 ribus
244 2073 479 2137 benignus
505 2082 551 2119 et
578 2071 856 2129 tractabilis,
877 2075 1204 2138 magnanimus
1222 2086 1268 2122 et
1289 2076 1494 2140 dapsilis.

90 2151 148 2196 Et
177 2152 287 2214 quia
313 2150 560 2198 medicinae
583 2150 695 2195 artis
719 2161 819 2197 erat
841 2152 1177 2214 peritissimus,
1209 2153 1370 2200 multis
1400 2165 1493 2201 erat

89 2238 230 2274 notus
254 2238 299 2275 et
332 2227 617 2274 necessarius
642 2244 693 2273 ac
717 2227 960 2275 familiaris
994 2230 1188 2276 amicus.
1218 2230 1308 2276 Per
1343 2231 1497 2294 ipsum

90 2306 247 2370 itaque
262 2304 537 2351 Fuleherius
554 2303 856 2352 Carnotensis
879 2316 926 2353 et
948 2306 1114 2353 Petrus
1130 2305 1187 2353 de
1205 2307 1380 2354 Manlia
1405 2309 1493 2371 (3),

89 2382 262 2446 aliique
288 2382 446 2445 plures
469 2381 690 2428 notitiam
710 2381 1005 2429 Uticensium
1024 2383 1275 2446 amplexati
1297 2395 1426 2444 sunt,
1448 2395 1494 2432 et

131 2589 142 2632 (
153 2590 181 2633 ι)
208 2588 272 2621 Les
290 2587 425 2621 comtes
440 2586 485 2620 de
505 2586 694 2620 Lancastre
711 2592 747 2620 et
765 2585 810 2620 (le
830 2586 1043 2621 Pembroke.

133 2648 182 2692 (2)
209 2646 330 2692 Voyez
348 2645 540 2689 ci-dessus‚
564 2659 597 2692 p.
618 2643 685 2691 396
704 2652 740 2679 et
760 2648 836 2686 402ι

133 2705 182 2751 (5)
210 2705 326 2740 Maule
341 2734 346 2742 ,,
366 2705 483 2750 hourg
505 2718 563 2740 sur
587 2705 618 2738 la
640 2704 803 2740 Mauldre
821 2704 1141 2749 (Scine-choise).
