1951 3194
298 241 315 276 1
324 239 374 277 28
596 238 840 278 HISTORIA
871 238 1273 280 ECCLESIASTICA.
1575 246 1713 297 [1066]

291 316 571 365 Hildeberto
594 328 775 381 sceptra
800 318 1097 365 Francorum
1128 320 1446 384 gestantibus,
1469 325 1716 388 apostolo-

291 411 402 440 rum
434 395 640 458 principi
666 404 997 442 construxerat
1030 396 1123 459 (1),
1151 397 1432 463 antiquitate
1459 419 1625 467 magna
1657 420 1715 450 ex

291 481 425 534 parte
461 471 617 516 diruta
648 482 772 528 erat,
809 489 897 518 nee
931 473 1189 519 conventui
1220 474 1592 536 monachorum,
1632 479 1715 544 qui

289 546 504 611 quotidie
541 545 830 611 augebatur,
868 547 1144 595 sufficiebat.
1182 550 1334 597 Porro
1368 550 1623 600 aedificium
1659 553 1717 602 de

291 623 526 688 lapidibus
555 623 679 688 apud
703 624 900 671 Uticum
923 625 1127 673 condere
1151 626 1282 674 valde
1304 626 1595 676 laboriosum
1618 642 1714 689 est,

293 703 403 768 quia
452 703 703 767 lapidicina
749 703 1054 761 Merulensis,
1096 704 1222 752 unde
1265 705 1482 770 quadrati
1543 707 1718 772 lapides

292 780 610 838 advehuntur,
648 781 705 827 ad
747 799 826 829 sex
860 781 1081 828 milliaria
1110 783 1252 847 longe
1276 794 1346 829 est
1378 784 1471 847 (2).
1515 785 1719 831 Maxima

292 877 402 925 ergo
426 860 475 906 in
501 859 777 925 colligendis
803 860 934 925 equis
958 870 1003 908 et
1028 859 1182 907 bobus
1200 871 1247 908 et
1262 861 1484 925 plaustris
1517 862 1720 910 difficul-

293 948 361 983 tas
394 936 599 983 instabat
622 935 1015 1000 procuratoribus
1025 973 1040 995 ,
1063 955 1148 1001 per
1172 955 1291 1003 quos
1318 939 1562 1004 congeries
1598 940 1715 1004 lapi-

292 1015 407 1062 dum
421 1051 434 1073 ,
462 1015 636 1079 aliique
661 1014 718 1061 ad
736 1025 926 1061 tantum
944 1032 1063 1078 opus
1082 1015 1344 1080 agebantur
1367 1017 1614 1063 necessarii
1637 1035 1717 1081 ap-

294 1104 502 1158 paratus.
531 1092 761 1140 Praefatus
781 1093 939 1156 itaque
963 1091 1104 1139 abbas
1124 1094 1257 1139 omni
1283 1103 1498 1157 tempore
1521 1095 1718 1159 regimi-

293 1171 367 1217 nis
385 1170 454 1216 sui
476 1187 575 1216 non
597 1170 782 1234 quievit
799 1205 811 1226 ,
835 1168 913 1215 sed
934 1169 1196 1215 multarum
1213 1187 1376 1216 rerum
1396 1170 1718 1218 sollicitudine

294 1249 460 1294 anxius
482 1246 704 1310 subjectis
718 1257 762 1294 et
789 1247 992 1310 posteris
1013 1247 1191 1293 affatim
1218 1247 1442 1310 profecit.
1466 1247 1719 1293 Ecclesiam

292 1343 500 1390 namque
534 1325 707 1370 claram
740 1335 787 1371 et
817 1325 1049 1389 amplam,
1086 1325 1268 1389 Deique
1300 1324 1546 1371 servitium
1569 1324 1719 1372 libere

293 1402 643 1450 celebrantibus
679 1412 862 1466 aptam,
906 1402 1164 1448 claustrum
1202 1412 1248 1448 et
1287 1401 1577 1465 capitulum,
1605 1401 1720 1449 dor-

290 1480 540 1526 mitorium
588 1490 636 1525 et
676 1478 1010 1536 refectorium,
1062 1479 1319 1543 coquinam
1358 1489 1406 1525 et
1445 1479 1715 1537 cellarium,

292 1557 496 1621 aliasque
548 1557 755 1602 officinas
793 1566 1115 1619 competentes
1163 1555 1326 1601 usibus
1369 1554 1718 1603 monachorum

290 1632 548 1680 auxiliante
583 1635 682 1679 Deo
725 1633 926 1696 perfecit
969 1650 1079 1679 cum
1114 1632 1326 1680 subsidio
1374 1644 1422 1680 et
1463 1633 1717 1698 largitione

291 1709 496 1756 fratrum
531 1720 578 1756 et
609 1710 891 1756 amicorum.
924 1710 1216 1757 Lanfrancus
1242 1711 1371 1757 enim
1405 1710 1717 1774 archiepisco-

291 1807 397 1853 pus,
419 1787 532 1834 dum
545 1789 831 1836 dedicationi
853 1789 1156 1836 cadomensis
1176 1789 1381 1836 ecclesiae
1398 1791 1467 1853 (5)
1483 1807 1611 1836 anno
1632 1790 1716 1835 sci-

290 1865 402 1913 licet
425 1864 709 1912 duodecimo
728 1877 837 1930 post
855 1865 1111 1930 Anglicum
1129 1865 1310 1912 bellum
1336 1866 1555 1913 interfuit
1571 1901 1584 1923 ‚
1607 1865 1718 1912 Mai-

337 2028 387 2072 (1)
413 2026 515 2061 Nous
541 2038 650 2060 avons
680 2026 761 2072 deja
789 2026 846 2061 dit
872 2039 944 2074 que
972 2028 1067 2062 saint
1094 2019 1245 2063 Evroult
1266 2028 1345 2062 vint
1370 2027 1529 2062 s’etablir
1548 2039 1627 2062 vers
1644 2025 1714 2062 560

290 2087 379 2121 dans
396 2087 446 2121 les
464 2094 578 2122 vastes
593 2087 768 2122 solitudes
781 2087 826 2122 de
840 2087 873 2121 la
892 2088 987 2122 foret
1005 2088 1196 2132 d’Ouche3
1216 2088 1242 2123 il
1257 2102 1279 2136 y
1296 2095 1446 2123 mourut
1459 2088 1492 2123 le
1508 2099 1553 2135 29
1571 2087 1714 2122 decem-

290 2148 355 2182 bre
373 2145 455 2193 596.
475 2146 537 2181 S’il
554 2147 767 2181 construisit
783 2159 847 2181 son
864 2147 975 2193 eglise
996 2148 1157 2194 pendant
1174 2161 1246 2196 que
1262 2148 1451 2194 Chilperic
1467 2154 1503 2181 et
1520 2159 1585 2181 son
1599 2159 1715 2181 neveu

292 2207 509 2243 Childebert
522 2207 715 2253 regnaient
732 2207 808 2241 l’un
820 2214 856 2241 et
871 2207 1011 2252 l’autre,
1030 2221 1069 2243 ce
1081 2221 1126 2243 ne
1143 2216 1211 2255 put
1228 2209 1305 2243 etre
1323 2220 1394 2254 que
1412 2207 1458 2241 de
1473 2205 1555 2254 575,
1572 2208 1715 2254 epoque

291 2267 340 2301 ou
358 2265 575 2301 Childebert
594 2265 746 2299 succeda
764 2268 784 2299 a
804 2278 868 2300 son
884 2268 983 2313 pere,
1001 2269 1019 2301 a
1037 2266 1236 2301 l⁷automne
1250 2266 1295 2300 de
1312 2264 1400 2308 584,
1416 2264 1579 2311 pendant
1591 2264 1713 2312 lequel

293 2326 483 2374 Chilperic
500 2326 558 2360 sut
576 2327 761 2360 assassine.

340 2387 389 2431 (2)
416 2386 481 2419 Les
498 2384 672 2418 carrieres
689 2384 740 2418 du
754 2384 967 2419 Mei-lerault
980 2413 988 2429 ‚
1011 2385 1102 2419 dont
1122 2385 1148 2418 il
1165 2384 1270 2430 s'agit
1287 2383 1352 2424 ici,
1373 2389 1454 2418 sont
1472 2385 1491 2417 a
1511 2383 1602 2418 neus
1614 2382 1714 2417 mille

293 2446 402 2481 toises
415 2446 567 2480 environ
581 2445 626 2479 de
640 2437 928 2480 saint-Evroult.
950 2446 1016 2479 Les
1034 2445 1151 2479 milles
1168 2445 1259 2479 dont
1274 2444 1298 2478 il
1313 2444 1417 2491 s'agit
1435 2443 1480 2478 ici
1499 2442 1710 2490 paraisscnt‚

296 2505 436 2552 d'apres
457 2505 550 2548 cela,
572 2505 671 2540 avoir
689 2506 746 2539 ete
771 2504 815 2539 de
833 2505 964 2552 quinzc
984 2511 1084 2539 cents
1100 2505 1209 2539 toises
1231 2516 1279 2538 ou
1298 2504 1388 2538 trois
1409 2509 1533 2550 quai-ts
1556 2501 1600 2535 de
1618 2500 1715 2535 lieue

296 2563 341 2598 de
366 2571 478 2610 poste.
501 2565 566 2599 Les
586 2564 750 2598 chemins
777 2566 795 2597 a
816 2565 1007 2610 parconrir
1025 2576 1120 2611 pour
1138 2564 1170 2598 le
1194 2569 1379 2609 transport
1403 2562 1467 2596 des
1490 2561 1627 2607 pierres
1646 2558 1713 2593 de-

296 2625 415 2658 vaient
441 2627 628 2671 presenter
651 2625 695 2659 de
718 2625 871 2672 grandes
894 2625 1086 2660 (lifficnlte's
1110 2624 1199 2659 dans
1221 2637 1292 2659 une
1313 2624 1460 2658 contree
1486 2621 1578 2655 aussi
1597 2619 1712 2654 abon-

296 2683 405 2716 ‹lantc
423 2696 467 2717 en
488 2684 566 2718 bois
582 2692 618 2719 et
635 2698 680 2719 en
700 2686 918 2732 mare'cagcs.

344 2739 391 2783 (3)
418 2742 523 2776 Cctlc
537 2742 707 2779 ‹le'dicacc
723 2751 785 2779 eut
799 2743 873 2780 lieu
894 2744 926 2780 lc
952 2743 989 2780 15
1006 2743 1211 2791 septembre
1234 2753 1329 2788 ¹077·
