1951 3194
476 253 554 289 350
846 249 1086 287 HISTORIA
1118 249 1516 289 ECCLESIASTICA.

478 339 671 385 cuntur,
704 339 751 374 et
782 329 930 384 fame,
955 327 1160 391 frigore,
1188 327 1547 394 pestilentiaque
1570 330 1888 394 periclitantes

475 407 742 471 aufugiunt.
782 403 1137 468 Liuthprandus
1173 404 1593 469 Langobardorum
1621 425 1702 453 rex
1735 408 1888 454 dona-

476 485 657 532 tionem
679 482 955 545 patrimonii
982 481 1177 546 Alpium
1201 482 1468 530 Cottiarum
1483 520 1495 540 ,
1521 502 1662 549 quam
1685 485 1885 549 Ariper-

477 573 551 608 tus
579 561 729 607 aureis
759 561 984 624 scriptam
1009 560 1179 607 litteris
1209 561 1412 607 Romam
1442 560 1702 618 direxerat,
1731 574 1777 610 et
1811 563 1888 610 ille

473 637 753 701 repetierat,
790 636 1119 684 admonitione
1150 635 1371 701 Gregorii
1405 655 1538 702 papae
1567 638 1884 686 confirmavit.

475 717 604 763 Idem
635 733 735 764 ossa
765 716 814 761 S.
843 715 1096 781 Augustini
1132 715 1342 762 doctoris
1376 715 1486 764 dato
1521 734 1694 781 magno
1731 718 1886 781 pretio

473 794 612 849 emit3
641 803 688 839 et
711 792 768 839 de
792 792 1030 849 Sardinia,
1065 809 1207 856 quam
1230 792 1472 839 Sarraceni
1502 792 1773 858 depopulati
1797 794 1887 841 foe-

472 870 667 930 darant,
694 874 739 915 in
769 870 994 915 Ticinum
1018 870 1262 916 transtulit
1286 880 1333 918 et
1361 869 1625 918 honorifice
1653 870 1882 918 condidit.

473 985 529 1024 24.
658 981 803 1016 Profuit
820 982 858 1015 in
875 981 1012 1028 populo
1031 982 1179 1016 Domini
1192 982 1406 1017 venerabilis
1425 983 1553 1030 Hugo,

657 1041 703 1075 Et
720 1040 852 1075 tribuit
869 1047 998 1075 sanctae
1015 1039 1187 1085 subjectis
1205 1040 1378 1087 dogmata
1394 1042 1473 1076 vitae
1487 1043 1548 1087 (ι’).

468 1148 554 1192 Hic
579 1145 894 1194 consobrinus
918 1145 1105 1209 Pippini
1131 1145 1362 1209 principis
1383 1148 1677 1194 Francorum
1699 1147 1815 1204 fuit,
1838 1160 1883 1194 et

469 1241 554 1271 vm
582 1224 736 1280 annis,
759 1233 980 1285 vtempore
1004 1221 1224 1287 Gregorii
1251 1221 1305 1269 Ili
1327 1241 1478 1288 papae,
1506 1223 1884 1289 archiepiscopus

467 1300 578 1346 fuit.
614 1299 834 1347 Ecclesiis
862 1299 1005 1345 etiam
1027 1300 1273 1346 Parisiensi
1306 1300 1500 1364 praefuit
1533 1312 1579 1348 et
1611 1301 1879 1365 Bajocensi,

468 1378 667 1426 abbatiis
686 1396 880 1444 quoque
903 1378 1268 1425 Gemmeticensi
1288 1388 1334 1425 et
1357 1378 1719 1425 Fontinellensi.
1741 1380 1882 1443 Cujus

469 1475 642 1522 corpus
672 1474 783 1502 cum
820 1473 1021 1521 corpore
1052 1456 1099 1502 S.
1144 1456 1331 1502 Aicadri
1368 1474 1392 1502 a
1428 1455 1882 1505 Gemmeticensibus

468 1536 518 1582 in
551 1534 910 1598 Lotharingiam
944 1534 1224 1580 translatum
1259 1544 1352 1590 est,
1389 1534 1550 1599 ibique
1583 1536 1630 1581 in
1662 1536 1769 1582 vico
1797 1536 1878 1600 qui

466 1613 632 1676 Haspis
672 1612 746 1675 (2)
784 1611 977 1667 dicitur,
1019 1612 1067 1657 in
1103 1612 1351 1659 territorio
1389 1611 1710 1659 Cameracensi
1750 1630 1879 1659 nunc

465 1708 613 1754 usque
653 1689 702 1734 in
743 1688 921 1734 scrinio
956 1699 1180 1752 argenteo
1215 1688 1479 1736 honorifice
1520 1701 1756 1736 servatum
1789 1700 1875 1738 est.

466 1767 608 1812 Tunc
628 1765 969 1812 Constantinus
993 1764 1270 1829 imperabat.
1291 1766 1516 1830 Anglicus
1535 1766 1653 1813 Beda
1676 1767 1877 1813 famulus

466 1844 671 1899 Christi,
714 1854 761 1890 et
803 1840 1054 1908 presbyter
1091 1843 1366 1890 monasterii
1404 1845 1495 1889 BB.
1533 1842 1876 1908 Apostolorum

464 1923 593 1971 Petri
606 1933 653 1969 et
667 1921 815 1978 Pauli,
832 1922 963 1987 quod
982 1931 1051 1968 est
1069 1920 1126 1967 ad
1142 1920 1474 1969 Wiremudam
1495 1922 1543 1967 in
1562 1921 1763 1968 Girvum
1779 1922 1872 1985 (5),

465 2002 653 2048 claruit.
686 2001 773 2046 Hic
798 2001 848 2045 in
875 2000 1120 2046 territorio
1146 1999 1351 2063 ejusdem
1378 1999 1652 2046 monasterii
1685 2010 1754 2046 est
1787 2017 1876 2045 na-

464 2090 539 2125 tus
557 2114 570 2135 ,
615 2089 663 2125 et
703 2078 942 2141 septennis
984 2076 1251 2123 educandus
1291 2076 1672 2124 reverentissimo
1716 2075 1871 2123 abbati

463 2157 718 2205 Benedicto
745 2174 797 2202 ac
821 2156 989 2202 deinde
1015 2155 1258 2202 Ceolfrido
1281 2174 1306 2200 a
1336 2156 1618 2220 propinquis
1641 2154 1800 2212 datm,
1828 2166 1874 2202 et

464 2247 691 2283 cunctum
706 2252 762 2281 eo
781 2246 965 2298 tempus
978 2236 1088 2281 vitae
1111 2236 1158 2280 in
1176 2233 1382 2298 ejusdem
1398 2235 1672 2282 monasterii
1688 2232 1874 2280 habita-

464 2315 595 2361 tione
620 2313 830 2378 peregit,
862 2330 1149 2378 omnemque
1177 2311 1433 2359 meditandi
1465 2312 1730 2376 Scripturas
1763 2329 1873 2375 ope·

462 2412 565 2440 ram
584 2392 736 2448 dedit,
759 2402 805 2438 et
831 2392 954 2438 inter
979 2391 1325 2437 observantiam
1343 2389 1604 2454 disciplinae
1627 2389 1870 2455 regularis,

509 2584 558 2628 (ι)
583 2582 685 2617 Saint
702 2581 874 2627 Hugues,
892 2579 1117 2625 archechuc
1136 2578 1180 2613 de
1198 2578 1330 2613 Rouen
1344 2590 1421 2613 vers
1439 2590 1525 2626 720,
1541 2578 1676 2625 eveque
1690 2577 1735 2612 de
1753 2578 1869 2615 Paris,

464 2644 554 2677 abbe
571 2643 615 2677 (le
630 2640 842 2677 Fontenelle
857 2647 892 2674 et
910 2639 955 2674 de
973 2640 1158 2685 Jumibges
1177 2638 1217 2681 (8
1238 2638 1326 2673 avril
1345 2637 1437 2685 750).

511 2703 559 2747 (τι)
588 2702 763 2747 impres,
782 2703 801 2734 a
817 2698 838 2735 3
857 2699 969 2734 lienes
988 2698 1034 2733 de
1054 2698 1331 2733 Valenciennes.

524 2759 558 2795 Ὦ,
585 2762 736 2796 jarrow„
759 2760 838 2804 pres
860 2758 1125 2800 VVearinoutli,
1149 2758 1235 2792 dans
1253 2757 1285 2792 le
1300 2758 1417 2792 comte
1432 2757 1476 2790 de
1493 2755 1667 2789 Durhani,
