1951 3194
96 231 310 281 [673-699]
589 228 742 266 LIBER
771 228 1025 276 QUARTUs.
1431 230 1509 268 269

94 308 271 372 digium
307 307 494 371 populis
528 307 684 370 palam
720 318 962 353 ostensum
995 316 1080 353 est.
1121 306 1289 352 Manus
1326 308 1455 353 enim
1485 325 1510 353 e

95 382 300 430 nubibus
334 383 390 429 ad
429 400 619 429 crucem
651 393 868 446 porrecta
910 393 1001 440 est,
1043 399 1149 447 quae
1188 392 1297 429 ante
1333 383 1509 430 ostium

93 460 260 508 (lomus
290 460 516 524 parientis
549 461 703 507 Tettae
731 471 853 506 stare
878 461 973 505 visa
1006 470 1091 506 est.
1129 461 1241 507 Post
1272 471 1382 508 octo
1412 460 1509 507 dies

95 538 250 583 infans
274 537 558 601 baptizatur,
586 548 632 584 et
656 536 915 585 Guthlacus
939 558 948 582 :
980 537 1026 583 id
1044 548 1113 583 est
1132 537 1245 585 belli
1265 556 1456 597 munus,
1485 557 1509 585 a

95 615 250 673 tribu,
292 634 435 681 quam
471 615 807 679 Guthlacingas
844 615 1034 672 dicunt,
1079 616 1358 680 appellatur.
1398 618 1511 663 Post

92 696 260 742 mitem
278 694 548 758 pueritiam,
572 693 686 739 dum
705 692 1033 739 adolescentiae
1052 693 1258 740 calorem
1275 695 1507 751 sensisset,

94 783 141 819 et
166 773 365 820 heroum
385 773 527 819 sortia
552 782 676 835 gesta
697 770 1061 827 considerasset,
1088 774 1345 835 aggregatis
1368 773 1510 819 satel-

93 851 234 896 litum
261 850 428 896 turmis
448 849 504 895 ad
528 867 654 894 arma
680 866 727 895 se
752 848 1017 905 convertit,
1045 847 1229 912 sibique
1253 848 1509 895 adversaii«-

95 929 213 974 tium
248 927 379 973 villas
411 937 458 973 et
487 926 779 973 munitiones
813 925 944 990 igne,
982 925 1207 991 ferroque
1230 925 1438 973 devastat
1463 938 1509 974 et

94 1005 350 1070 disperdit,
388 1005 724 1069 immensisque
751 1003 922 1068 praedis
952 1004 1149 1069 direptis
1179 1006 1368 1052 tertiam
1397 1025 1510 1069 par-

96 1092 191 1129 tem
224 1093 392 1146 sponte
428 1081 499 1128 his
531 1080 703 1147 quibus
735 1080 946 1127 ablatum
975 1091 1066 1138 est,
1104 1100 1193 1146 pro
1228 1101 1389 1130 amore
1423 1084 1507 1129 Dei

93 1160 313 1206 remittit.
337 1159 517 1205 Deinde
537 1159 814 1204 transcursis
837 1174 887 1203 lx
907 1157 1069 1216 annis,
1088 1158 1134 1204 in
1156 1158 1330 1223 quibus
1351 1158 1508 1205 hostes

94 1237 226 1284 valde
257 1237 483 1283 afflixerat
509 1235 714 1283 caedibus
740 1246 786 1283 et
815 1236 1018 1300 rapinis,
1050 1237 1342 1283 considerata
1376 1255 1510 1284 mor—

96 1315 199 1361 talis
219 1315 329 1360 vitae
349 1313 604 1377 fragilitate
629 1324 676 1360 et
700 1314 979 1359 caducarum
1002 1332 1162 1360 rerum
1182 1313 1506 1369 instabilitate,

96 1393 289 1439 territus
323 1391 380 1438 ad
414 1392 618 1456 seipsum
646 1392 795 1450 redit,
829 1409 995 1457 seque,
1022 1410 1073 1438 ac
1100 1393 1135 1437 si
1169 1402 1376 1439 mortem
1408 1410 1509 1457 prae

95 1470 245 1518 oculis
279 1471 483 1528 videret,
525 1469 741 1527 discutit,
779 1482 825 1517 et
861 1471 1196 1517 emendatioris
1237 1471 1346 1517 vitae
1387 1472 1510 1516 viam

95 1547 282 1612 aggredi
309 1549 491 1613 satagit.
530 1548 680 1612 Igitur
712 1548 965 1611 complices
999 1565 1105 1594 suos
1133 1549 1389 1613 relinquit,
1425 1567 1513 1612 pa·-

96 1637 252 1672 rentes
285 1636 331 1673 et
363 1628 591 1689 patriam,
627 1627 918 1691 comitesque
941 1626 1268 1673 adolescentiae
1300 1644 1395 1672 suae
1422 1644 1512 1690 pro

96 1702 286 1749 Christo
300 1703 584 1759 contemnit,
602 1713 650 1749 et
668 1708 754 1748 xxO
776 1711 841 1749 1v⁰
859 1703 1009 1749 aetatis
1024 1720 1119 1748 suae
1134 1720 1261 1749 anno
1275 1702 1513 1749 abrenun-

98 1781 218 1827 tians
238 1781 395 1828 saeculi
419 1782 606 1846 pompis
628 1781 881 1846 Ripaduun
905 1783 978 1845 (ι)
1005 1783 1347 1829 monasterium
1370 1783 1508 1838 adiit,

99 1859 258 1924 ibique
282 1859 371 1905 sub
399 1858 627 1905 abbatissa
653 1860 849 1906 nomine
872 1859 1060 1905 Elfclrid
1083 1869 1354 1917 tonsuram,
1382 1859 1513 1905 habi-

100 1947 296 2000 tumque
316 1936 579 1982 clericalem
599 1937 818 2000 suscepit.
845 1937 1008 1983 Postea
1030 1936 1089 1982 ab
1108 1936 1336 1984 ebrietate
1353 1939 1512 1984 omni—

99 2032 190 2079 que
215 2015 399 2061 lascivia
429 2024 532 2062 toto
568 2014 676 2061 nisu
704 2014 984 2072 declinavit,
1019 2016 1248 2079 omnique
1278 2013 1513 2062 honestati

99 2101 145 2138 et
168 2091 389 2155 religioni
413 2109 502 2155 pro
529 2090 738 2138 humano
761 2110 895 2154 posse
920 2091 1116 2137 studuit.
1147 2092 1236 2138 Per
1263 2091 1515 2138 biennium

99 2171 238 2216 sacris
274 2170 445 2216 litteris
482 2179 529 2216 ct
564 2170 837 2216 monasticis
874 2169 1135 2233 disciplinis
1171 2168 1382 2215 imbutus
1418 2180 1510 2226 est,

100 2249 178 2295 sed
219 2247 289 2295 his
328 2259 513 2294 tantum
551 2258 804 2295 contentus
842 2265 941 2294 non
979 2258 1064 2294 est.
1101 2247 1223 2293 Nam
1258 2247 1513 2294 eremiticae

101 2326 211 2371 vitae
231 2326 464 2389 singulare
483 2336 721 2373 certamen
742 2326 950 2390 arripere
967 2337 1163 2372 conatus
1186 2335 1280 2381 est,
1301 2324 1383 2370 uhi
1405 2342 1514 2370 cum

104 2403 237 2450 hoste
262 2403 477 2449 cominus
502 2403 703 2449 luctatus
721 2414 806 2450 est.

152 2613 201 2657 (1)
227 2612 377 2647 Suivant
406 2610 598 2653 Mabillon,
627 2611 713 2645 c⁷est
745 2611 777 2645 le
804 2613 1007 2645 monastere
1033 2613 1180 2645 nomme
1204 2611 1424 2656 Rapendum
1450 2624 1515 2657 par

106 2669 316 2704 Guillaume
328 2670 372 2704 de
384 2670 642 2714 Malinesbury,
658 2676 694 2703 et
705 2670 768 2716 qui
781 2670 870 2703 etait
881 2670 974 2703 situe
985 2669 1074 2703 dans
1086 2669 1119 2703 le
1130 2669 1324 2703 Cheshire.
1338 2669 1367 2702 ll
1382 2681 1427 2703 ne
1439 2669 1515 2703 saut

108 2729 212 2773 pasl«¹
232 2730 430 2764 confondrc
451 2742 531 2764 avec
550 2729 640 2764 celui
659 2729 703 2763 de
717 2729 838 2775 Ripon
857 2729 946 2763 dans
962 2729 1197 2772 l'Yorkshire,
1215 2730 1261 2764 ou
1277 2729 1301 2763 il
1315 2729 1370 2764 n'a
1387 2730 1517 2775 jamais
