1951 3194
306 251 356 286 52
670 246 916 283 HISTORIA
947 242 1353 282 ECCLESIASTICA.
1449 243 1720 292 [1050-1057]

302 345 370 373 sas
395 336 560 373 contra
588 325 734 389 ipsam
759 324 980 387 colligere
996 358 1010 380 ‚
1043 332 1090 368 et
1115 320 1314 366 turbatis
1339 320 1505 378 rebus,
1536 339 1644 385 quae
1666 319 1723 367 ad

304 423 322 449 x
336 406 482 451 ictum
500 416 547 451 et
566 403 787 450 vestitum
805 412 850 447 et
869 417 1045 464 agapen
1063 416 1309 446 servorum
1325 398 1409 445 Dei
1427 398 1547 445 datae
1567 408 1720 456 erant,

303 485 449 547 ipsam
474 483 692 545 affligere.
727 479 816 526 Sed
842 478 1077 543 benignus
1100 479 1254 533 Jesus‚
1279 477 1359 542 qui
1386 487 1454 523 est
1472 495 1610 523 verus
1630 478 1723 523 Ec-

301 562 452 608 clesiae
497 577 725 623 sponsus,
762 557 978 622 quamvis
1015 557 1239 603 saevirent
1274 555 1329 600 ad
1364 554 1720 619 deprimendam

299 640 520 686 Ecclesiae
545 655 712 683 navem
730 636 871 681 maris
894 635 1083 691 fluctus,
1111 635 1206 698 ipse
1224 633 1510 680 mirabiliter
1528 633 1721 680 emicuit

300 719 345 764 in
362 716 607 780 ereptione
620 732 834 769 suorum,
851 711 1214 776 comprimendo
1230 711 1497 757 contrarios
1510 720 1718 757 conatus.

364 792 491 853 Quid
529 803 643 837 tunc
681 791 908 854 temporis
946 789 1203 853 contigerit
1242 787 1448 834 Mahiliae
1476 787 1719 834 Willermi

298 869 531 915 Talavacii
558 868 697 923 filiae,
726 866 957 913 veraciter
981 864 1256 928 explicabo,
1288 865 1399 910 licet
1424 874 1721 928 preepostero

297 946 483 993 ordine.
521 948 649 1008 Ipsa,
680 944 794 990 dum
819 943 941 1006 apud
965 943 1161 988 Uticam
1187 943 1232 988 in
1263 943 1402 989 initio
1430 943 1719 988 monasticus

296 1025 416 1071 ordo
437 1023 719 1087 regulariter
736 1032 1022 1077 servaretur,
1050 1031 1097 1066 et
1116 1019 1339 1066 omnibus
1360 1020 1719 1068 advenientibus

296 1102 537 1149 charitatis
563 1101 709 1147 officia
734 1101 810 1163 (ut
834 1098 1060 1144 hacteuus
1086 1096 1261 1144 ibidem
1285 1116 1386 1144 mos
1412 1099 1501 1162 est)
1525 1098 1720 1145 exhibe-

295 1192 495 1238 rentur,
534 1190 733 1243 propter
764 1177 928 1224 odium
945 1212 958 1233 ‚
985 1175 1114 1240 quod
1149 1193 1257 1240 erga
1286 1176 1562 1223 fundatores
1594 1177 1718 1223 illius

296 1256 509 1303 coenobii
530 1254 711 1301 ferebat
724 1290 735 1309 ‚
756 1254 916 1318 plures
935 1252 1174 1299 molestias
1196 1252 1417 1316 nequiter
1435 1253 1718 1317 excogitatas

294 1334 445 1381 eidem
469 1333 576 1379 loco
602 1330 853 1378 inserebat.
883 1329 1070 1393 Quippe
1095 1340 1261 1376 contra
1286 1328 1566 1377 Geroienses
1586 1340 1719 1394 pater

294 1415 391 1475 ejus
415 1423 461 1458 et
485 1411 607 1474 ipsa,
635 1409 886 1472 omnisque
918 1407 1042 1452 illius
1070 1407 1319 1471 progenies
1349 1408 1430 1453 diu
1456 1408 1718 1472 perdurans

293 1490 459 1535 odium
501 1487 790 1534 habuerunt.
832 1485 970 1532 Unde
1009 1485 1120 1549 quia
1159 1486 1387 1549 Rogerius
1424 1486 1480 1533 de
1522 1488 1719 1534 Monte-

295 1567 537 1615 Gomerici
580 1565 653 1611 vir
691 1567 787 1628 ejus
820 1563 1080 1610 monachos
1118 1562 1303 1610 amabat
1339 1574 1386 1611 et
1422 1564 1714 1622 honorabat,

296 1662 382 1691 nec
415 1644 511 1707 ipsa
548 1644 611 1689 eis
645 1652 804 1706 aperta
836 1641 1014 1687 malitia
1045 1658 1217 1688 nocere
1246 1641 1474 1699 audebat,
1506 1642 1718 1690 crebrius

297 1742 407 1770 cum
437 1721 749 1768 multitudine
777 1721 989 1766 militum
1020 1721 1151 1784 quasi
1185 1720 1452 1784 hospitandi
1482 1723 1627 1786 gratia
1661 1724 1718 1769 ad

297 1801 638 1847 monasterium
667 1797 961 1853 divertebat3
994 1798 1153 1863 sicque
1179 1798 1460 1854 monachos,
1488 1800 1570 1863 qui
1598 1818 1718 1863 pau-

298 1890 480 1943 pertate
512 1879 560 1924 in
588 1877 735 1924 sterili
762 1895 875 1923 rure
904 1875 1250 1941 affligebantur,
1283 1876 1522 1941 gravabat.
1554 1877 1718 1936 Quon-

298 1960 403 2005 dam
432 1976 540 2004 cum
566 1956 740 2003 ibidem
765 1974 874 2002 cum
901 1966 1094 2002 centum
1118 1954 1350 2001 militibus
1379 1955 1716 2020 hospitaretur,

302 2047 347 2080 ‹·t
372 2053 394 2080 a
428 2036 609 2081 domno
644 2033 906 2079 Teoderico
928 2031 1098 2079 abbate
1122 2032 1487 2096 redargueretur
1506 2050 1591 2078 cur
1611 2050 1719 2078 cum

303 2123 429 2158 tanta
450 2111 712 2157 ambitione
732 2110 788 2155 ad
808 2126 1034 2173 pauperes
1057 2108 1324 2156 coenobitas
1346 2111 1570 2166 venisset,
1597 2128 1720 2157 eam-

302 2206 395 2253 que
428 2188 707 2234 admoneret
741 2197 796 2231 ut
825 2187 883 2231 ab
920 2185 1004 2231 hac
1035 2187 1232 2232 stultitia
1261 2205 1307 2233 se
1334 2195 1602 2242 coerceret3
1643 2186 1717 2232 illa

304 2266 591 2312 inflammata
608 2263 880 2327 respondit:
901 2265 1145 2327 [Usqjorem
1158 2282 1406 2309 numerum
1419 2265 1621 2309 militum
1637 2264 1720 2309 acl-

303 2344 481 2390 ducam
494 2343 553 2388 cle
565 2352 731 2388 caedem
744 2358 890 2404 quam
900 2340 1107 2386 adduxi.
1118 2340 1190 2386 Ad
1201 2340 1300 2386 haec
1311 2339 1451 2386 abbas
1464 2342 1548 2386 ait:
1567 2340 1719 2386 Crede

304 2419 424 2464 mc'lzz‘
451 2438 461 2465 .·
496 2420 594 2465 nisi
621 2417 682 2464 ab
709 2417 802 2463 lzccc
825 2416 1125 2481 improbitate
1146 2418 1399 2482 resipueris
1407 2455 1423 2474 ,
1452 2417 1584 2480 qaod
1605 2417 1718 2463 nol-

305 2498 369 2542 les
385 2497 603 2560 patieris.
629 2494 768 2554 Quod
793 2505 839 2541 ct
864 2495 926 2539 ita
952 2495 1169 2558 contigit.
1194 2494 1314 2540 Nam
1340 2494 1388 2540 in
1414 2493 1716 2559 subsequenti

307 2583 444 2620 nocte
474 2573 625 2636 passio
658 2572 787 2618 illam
819 2572 1012 2629 invasit,
1049 2582 1096 2618 et
1126 2572 1320 2619 fortiter
1351 2590 1519 2619 vexare
1547 2571 1712 2633 coepit.

304 2652 366 2697 At
393 2651 467 2696 illa
493 2669 604 2697 mox
638 2650 746 2697 inde
777 2668 871 2697 sese
899 2651 1037 2715 jussit
1060 2651 1234 2697 efferri.
1264 2651 1381 2710 Quae
1411 2651 1525 2696 dum
1553 2648 1716 2712 fugere

302 2728 357 2773 de
385 2739 507 2773 terra
540 2729 684 2773 sancti
719 2726 905 2774 Ebrulfi
935 2729 1099 2776 territa
1124 2727 1400 2783 festinaret,
1426 2737 1468 2772 ct
1502 2736 1609 2772 ante
1633 2725 1715 2772 ‹lo-
