1951 3194
137 297 272 345 [1050]
623 294 774 332 LIBER
804 294 1036 331 TERTIUS.
1485 295 1531 329 :37

134 374 321 419 Warini
339 410 351 431 ‚
389 382 434 419 et
469 374 626 418 lucum
667 373 936 437 Landigulae
976 373 1073 435 (1);
1119 383 1165 418 et
1203 373 1248 417 in
1288 372 1534 419 Vernuciis

137 463 308 497 terram
332 449 597 507 Burnendi3
625 461 671 496 et
691 449 807 496 duos
833 451 1084 512 piscatores
1107 449 1163 495 dc
1187 450 1431 496 Ternanto
1446 485 1458 504 ,
1491 459 1536 493 et

136 528 182 573 in
208 527 547 574 Monasteriolo
572 538 664 573 tres
684 526 851 572 furnos
876 537 922 572 et
949 544 1095 572 unum
1118 525 1416 590 burgensem.
1438 527 1535 571 De·-

135 602 242 649 inde
269 603 572 659 VVillermus,
602 602 722 648 filius
751 602 1037 648 Wazscelini
1068 602 1125 648 de
1149 603 1299 648 Ponte
1324 600 1537 647 Erchen-

133 678 251 725 fredi
293 678 420 726 dedit
456 678 653 742 praefato
696 677 921 724 coenobio
962 677 1203 723 ecclesiam
1242 677 1388 724 beatae
1432 678 1538 722 Ma-

134 758 217 802 riae
241 757 343 820 (2);
379 766 425 803 et
451 772 762 820 quaecumque
794 753 1032 801 Osbernus
1060 754 1314 818 Presbyter
1351 753 1538 801 tenebat

135 851 242 879 cum
260 832 489 880 redecima
514 833 713 890 telonei;
739 843 785 879 et
802 833 1030 879 decimam
1049 832 1437 879 molendinorum
1458 849 1537 878 seu

135 927 458 969 carrucarum,
485 928 598 974 quas
624 909 688 955 ibi
709 920 754 957 et
773 909 1063 974 ubicumque
1082 908 1282 956 habebat
1296 945 1308 966 ‚
1336 920 1380 955 et
1406 908 1537 954 habi-

134 998 268 1033 turus
286 998 409 1044 erat;
436 987 653 1034 similiter
672 997 718 1034 et
735 987 892 1034 omnia
909 987 1191 1034 monasteria
1212 1004 1318 1050 quae
1339 984 1540 1032 habebat

134 1064 201 1109 vel
245 1062 490 1110 habiturus
529 1074 650 1121 erat3
695 1066 741 1110 in
774 1063 992 1111 Roilvilla
1025 1081 1124 1111 eam
1154 1074 1362 1127 partem,
1396 1080 1540 1128 quam

135 1139 334 1187 habehat
358 1142 470 1204 ipse.

198 1219 360 1264 Postea
381 1218 672 1273 Rodbertus,
704 1219 929 1282 Helgonis
954 1218 1104 1276 filius,
1131 1215 1537 1265 consentientibus

136 1304 181 1339 et
205 1294 584 1341 condonantibus
611 1297 705 1358 ejus
729 1296 957 1352 dominis,
981 1296 1239 1342 VVillermo
1265 1295 1442 1341 scilicet
1464 1303 1538 1338 at-

135 1389 225 1435 que
250 1370 512 1428 Rodberto‚
540 1390 649 1418 cum
679 1372 787 1418 filiis
811 1391 862 1418 ac
886 1372 1138 1436 nepotibus
1169 1390 1360 1428 corum,
1390 1371 1538 1417 eccle-

136 1449 249 1493 siam
278 1449 435 1495 Sancti
470 1450 662 1495 Martini
696 1467 834 1512 super
860 1449 1059 1494 fluvium
1090 1449 1267 1495 Waioli
1296 1446 1538 1494 monachis

136 1526 318 1589 preefati
351 1525 561 1572 coenobii
595 1526 831 1582 vendidit;
868 1538 914 1573 et
946 1527 996 1572 in
1028 1526 1193 1573 eodem
1227 1526 1334 1573 loco
1364 1535 1538 1571 terram

135 1603 396 1668 presbyteri
416 1621 524 1650 cum
542 1603 627 1649 alia
646 1614 768 1651 terra
790 1615 899 1651 octo
918 1620 1237 1659 carrucarum,
1260 1620 1402 1666 quam
1419 1619 1537 1648 eme-

136 1690 251 1726 runt
269 1697 367 1726 non
387 1680 574 1727 modico
596 1681 768 1744 pretio.
792 1682 932 1728 Dedit
952 1681 1092 1727 etiam
1115 1680 1415 1727 medietatem
1435 1696 1538 1724 mo·-

137 1758 325 1804 nasterii
359 1757 414 1804 de
449 1759 602 1822 Sappo
637 1759 838 1805 Andreae
868 1776 972 1804 cum
1006 1769 1128 1805 terra
1163 1756 1454 1822 presbyteri,
1493 1767 1537 1802 et

136 1836 432 1883 medietatem
464 1848 602 1883 terrae
639 1855 732 1885 suae
765 1838 909 1884 totius
942 1837 1083 1882 villae.
1127 1835 1394 1882 Rodbertus
1424 1851 1537 1881 vero

139 1911 259 1957 filius
291 1913 533 1960 Teodelini
563 1913 691 1961 dedit
728 1914 865 1960 aliam
906 1913 1109 1976 ejusdem
1137 1912 1409 1960 monasterii
1434 1929 1538 1958 me-

137 1988 357 2036 dietatem
381 2009 488 2036 cum
509 1992 756 2038 medietate
781 1991 925 2038 totius
947 1991 1072 2037 villae
1098 1991 1192 2054 (5).

202 2068 413 2132 Denique
443 2069 682 2116 ecclesiam
712 2070 892 2115 Sanctae
927 2070 1090 2115 Mariae
1129 2068 1185 2115 de
1215 2069 1364 2114 Bosco
1389 2067 1486 2130 (4),
1513 2084 1537 2111 a

138 2146 404 2209 supradicto
422 2146 646 2193 coenobio
664 2148 819 2211 prisco
836 2157 1048 2211 tempore
1067 2155 1410 2202 constructam,
1428 2160 1536 2188 cum

139 2223 265 2285 sylva
285 2222 347 2268 ihi
366 2235 597 2288 praesente
614 2226 904 2289 comparavit
921 2224 1206 2271 Teodericus
1223 2222 1361 2269 abbas
1380 2240 1403 2267 a
1418 2220 1538 2267 Wil-

185 2411 235 2454 (ι)
250 2410 529 2446 Probablement
542 2412 593 2447 les
609 2413 795 2448 Landelles
807 2441 815 2457 ,
835 2414 991 2448 haineau
1008 2413 1053 2448 de
1072 2414 1292 2450 Yerneuccs.

185 2471 234 2515 (2)
255 2470 734 2508 Noti·e-Danie-du-qunel.

186 2527 235 2573 (5)
252 2529 298 2562 Lc
316 2528 387 2562 lieu
404 2530 531 2575 appele
551 2532 596 2565 ici
614 2531 1087 2566 saint-Martio-sur-Guiel
1107 2544 1124 2564 a
1147 2532 1203 2564 etc
1222 2528 1301 2575 plus
1317 2526 1396 2561 tard
1420 2527 1537 2560 saint*

147 2587 520 2635 Martin-dc—Heugon
547 2605 551 2622 :
576 2591 613 2623 S.
638 2592 824 2625 Martinus
847 2591 891 2624 tle
924 2590 1059 2636 Hugon
1086 2590 1239 2636 (1289),
1267 2587 1536 2622 saint-Martin-

146 2646 369 2694 le-Ilengon,
391 2655 428 2682 et
440 2649 536 2682 enfin
554 2650 786 2694 aujourd'hui
798 2652 953 2695 Heugon
971 2657 1050 2683 tout
1061 2656 1178 2684 court.
1195 2669 1241 2674 —
1256 2649 1304 2682 Lc
1317 2649 1386 2694 Sap
1397 2647 1533 2682 Audi-v.

191 2706 239 2750 (4)
265 2707 698 2743 Notrc-Dmnc-du-Bois.
731 2709 860 2743 Gemit
887 2709 1171 2755 priniitivcnient
1198 2707 1230 2742 le
1252 2706 1423 2741 chef-lieu
1443 2706 1486 2740 de
1505 2705 1537 2738 li

146 2764 444 2812 circonscription
462 2767 665 2813 parcissialc
683 2770 699 2801 ξι
717 2768 868 2814 laquelle
887 2768 1111 2814 appartcnait
1127 2757 1407 2801 Saini-Evroult,
