<?xml version="1.0" encoding="UTF-8"?>
<!DOCTYPE html PUBLIC "-//W3C//DTD XHTML 1.0 Transitional//EN"
    "http://www.w3.org/TR/xhtml1/DTD/xhtml1-transitional.dtd">
<html xmlns="http://www.w3.org/1999/xhtml" xml:lang="en" lang="en">
 <head>
  <title>
</title>
<meta http-equiv="Content-Type" content="text/html;charset=utf-8" />
  <meta name='ocr-system' content='tesseract 3.04.00' />
  <meta name='ocr-capabilities' content='ocr_page ocr_carea ocr_par ocr_line ocrx_word'/>
</head>
<body>
  <div class='ocr_page' id='page_1' title='image "./ordericivitalish02ordeuoft/ordericivitalish02ordeuoft_0027.png"; bbox 0 0 1951 3194; ppageno 0'>
   <div class='ocr_carea' id='block_1_1' title="bbox 128 249 1538 305">
    <p class='ocr_par' dir='ltr' id='par_1_1' title="bbox 128 249 1538 305">
     <span class='ocr_line' id='line_1_1' title="bbox 128 249 1538 305; baseline -0.006 -11"><span class='ocrx_word' id='word_1_1' title='bbox 128 256 397 305; x_wconf 67' lang='lat'>[1035-1077]</span> <span class='ocrx_word' id='word_1_2' title='bbox 606 251 759 289; x_wconf 83' lang='lat' dir='ltr'>LIBER</span> <span class='ocrx_word' id='word_1_3' title='bbox 789 249 1026 288; x_wconf 87' lang='lat' dir='ltr'><strong>TERTIUS.</strong></span> <span class='ocrx_word' id='word_1_4' title='bbox 1496 252 1538 286; x_wconf 85' lang='lat'>11</span> 
     </span>
    </p>
   </div>
   <div class='ocr_carea' id='block_1_2' title="bbox 127 328 1542 399">
    <p class='ocr_par' dir='ltr' id='par_1_2' title="bbox 127 328 1542 399">
     <span class='ocr_line' id='line_1_2' title="bbox 127 328 1542 399; baseline -0.006 -19"><span class='ocrx_word' id='word_1_5' title='bbox 127 335 448 399; x_wconf 76' lang='lat' dir='ltr'>principatum</span> <span class='ocrx_word' id='word_1_6' title='bbox 473 331 783 378; x_wconf 83' lang='lat' dir='ltr'>Normanniae</span> <span class='ocrx_word' id='word_1_7' title='bbox 809 329 1037 394; x_wconf 80' lang='lat' dir='ltr'>suscepit,</span> <span class='ocrx_word' id='word_1_8' title='bbox 1064 338 1111 375; x_wconf 87' lang='lat' dir='ltr'>et</span> <span class='ocrx_word' id='word_1_9' title='bbox 1135 339 1312 391; x_wconf 80' lang='lat' dir='ltr'><strong>septem</strong></span> <span class='ocrx_word' id='word_1_10' title='bbox 1333 328 1469 373; x_wconf 86' lang='lat' dir='ltr'>annis</span> <span class='ocrx_word' id='word_1_11' title='bbox 1489 345 1542 373; x_wconf 90' lang='lat' dir='ltr'>ac</span> 
     </span>
    </p>
   </div>
   <div class='ocr_carea' id='block_1_3' title="bbox 124 408 1542 473">
    <p class='ocr_par' dir='ltr' id='par_1_3' title="bbox 124 408 1542 473">
     <span class='ocr_line' id='line_1_3' title="bbox 124 408 1542 473; baseline -0.006 -17"><span class='ocrx_word' id='word_1_12' title='bbox 124 411 322 457; x_wconf 86' lang='lat' dir='ltr'>dimidio</span> <span class='ocrx_word' id='word_1_13' title='bbox 352 409 601 473; x_wconf 79' lang='lat' dir='ltr'>insigniter</span> <span class='ocrx_word' id='word_1_14' title='bbox 622 408 801 463; x_wconf 84' lang='lat' dir='ltr'>tenuit,</span> <span class='ocrx_word' id='word_1_15' title='bbox 831 417 1115 470; x_wconf 83' lang='lat' dir='ltr'>patrumque</span> <span class='ocrx_word' id='word_1_16' title='bbox 1146 421 1342 451; x_wconf 83' lang='lat' dir='ltr'>suorum</span> <span class='ocrx_word' id='word_1_17' title='bbox 1370 421 1542 468; x_wconf 82' lang='lat' dir='ltr'>sequax</span> 
     </span>
    </p>
   </div>
   <div class='ocr_carea' id='block_1_4' title="bbox 117 483 1543 1618">
    <p class='ocr_par' dir='ltr' id='par_1_4' title="bbox 117 483 1543 1618">
     <span class='ocr_line' id='line_1_4' title="bbox 124 483 1542 546; baseline -0.006 -10"><span class='ocrx_word' id='word_1_18' title='bbox 124 490 495 536; x_wconf 87' lang='lat' dir='ltr'>Cerasiacensem</span> <span class='ocrx_word' id='word_1_19' title='bbox 540 486 777 532; x_wconf 82' lang='lat' dir='ltr'>abbatiam</span> <span class='ocrx_word' id='word_1_20' title='bbox 819 486 1081 531; x_wconf 85' lang='lat' dir='ltr'>instaurare</span> <span class='ocrx_word' id='word_1_21' title='bbox 1130 483 1296 546; x_wconf 88' lang='lat' dir='ltr'>coepit.</span> <span class='ocrx_word' id='word_1_22' title='bbox 1346 483 1542 528; x_wconf 80' lang='lat' dir='ltr'>Timore</span> 
     </span>
     <span class='ocr_line' id='line_1_5' title="bbox 123 560 1542 629; baseline -0.007 -15"><span class='ocrx_word' id='word_1_23' title='bbox 123 585 236 614; x_wconf 88' lang='lat' dir='ltr'>vero</span> <span class='ocrx_word' id='word_1_24' title='bbox 258 567 339 613; x_wconf 92' lang='lat' dir='ltr'>Dei</span> <span class='ocrx_word' id='word_1_25' title='bbox 362 574 700 629; x_wconf 87' lang='lat' dir='ltr'>compunctus,</span> <span class='ocrx_word' id='word_1_26' title='bbox 724 572 971 609; x_wconf 87' lang='lat' dir='ltr'>terrenum</span> <span class='ocrx_word' id='word_1_27' title='bbox 990 561 1225 609; x_wconf 81' lang='lat' dir='ltr'>honorem</span> <span class='ocrx_word' id='word_1_28' title='bbox 1244 560 1465 624; x_wconf 84' lang='lat' dir='ltr'>reliquit,</span> <span class='ocrx_word' id='word_1_29' title='bbox 1494 570 1542 605; x_wconf 88' lang='lat' dir='ltr'>et</span> 
     </span>
     <span class='ocr_line' id='line_1_6' title="bbox 122 636 1541 708; baseline -0.006 -18"><span class='ocrx_word' id='word_1_30' title='bbox 122 655 377 708; x_wconf 85' lang='lat' dir='ltr'>spontanea</span> <span class='ocrx_word' id='word_1_31' title='bbox 404 640 788 707; x_wconf 81' lang='lat' dir='ltr'>peregrinatione</span> <span class='ocrx_word' id='word_1_32' title='bbox 813 650 1021 702; x_wconf 81' lang='lat' dir='ltr'>arrepta,</span> <span class='ocrx_word' id='word_1_33' title='bbox 1053 639 1325 703; x_wconf 84' lang='lat' dir='ltr'>sepulcrum</span> <span class='ocrx_word' id='word_1_34' title='bbox 1346 636 1541 684; x_wconf 85' lang='lat' dir='ltr'>Domini</span> 
     </span>
     <span class='ocr_line' id='line_1_7' title="bbox 120 713 1543 786; baseline -0.006 -18"><span class='ocrx_word' id='word_1_35' title='bbox 120 721 251 786; x_wconf 88' lang='lat' dir='ltr'>quod</span> <span class='ocrx_word' id='word_1_36' title='bbox 283 732 351 768; x_wconf 86' lang='lat' dir='ltr'>est</span> <span class='ocrx_word' id='word_1_37' title='bbox 388 721 434 766; x_wconf 87' lang='lat' dir='ltr'>in</span> <span class='ocrx_word' id='word_1_38' title='bbox 469 718 724 765; x_wconf 78' lang='lat' dir='ltr'>Jerusalem</span> <span class='ocrx_word' id='word_1_39' title='bbox 760 717 900 773; x_wconf 80' lang='lat' dir='ltr'>adiit;</span> <span class='ocrx_word' id='word_1_40' title='bbox 942 727 987 763; x_wconf 88' lang='lat' dir='ltr'>et</span> <span class='ocrx_word' id='word_1_41' title='bbox 1023 717 1132 762; x_wconf 90' lang='lat' dir='ltr'>inde</span> <span class='ocrx_word' id='word_1_42' title='bbox 1167 715 1380 771; x_wconf 87' lang='lat' dir='ltr'>rediens,</span> <span class='ocrx_word' id='word_1_43' title='bbox 1418 713 1543 779; x_wconf 88' lang='lat' dir='ltr'>apud</span> 
     </span>
     <span class='ocr_line' id='line_1_8' title="bbox 121 792 1542 860; baseline -0.005 -15"><span class='ocrx_word' id='word_1_44' title='bbox 121 799 328 845; x_wconf 74' lang='lat' dir='ltr'>Nicaeam</span> <span class='ocrx_word' id='word_1_45' title='bbox 363 796 527 842; x_wconf 84' lang='lat' dir='ltr'>urbem</span> <span class='ocrx_word' id='word_1_46' title='bbox 554 795 796 860; x_wconf 79' lang='lat' dir='ltr'>Bithyniae</span> <span class='ocrx_word' id='word_1_47' title='bbox 830 811 958 841; x_wconf 88' lang='lat' dir='ltr'>anno</span> <span class='ocrx_word' id='word_1_48' title='bbox 988 792 1046 839; x_wconf 84' lang='lat' dir='ltr'>ab</span> <span class='ocrx_word' id='word_1_49' title='bbox 1079 793 1407 839; x_wconf 79' lang='lat' dir='ltr'>incarnatione</span> <span class='ocrx_word' id='word_1_50' title='bbox 1439 794 1542 839; x_wconf 86' lang='lat' dir='ltr'>Do-</span> 
     </span>
     <span class='ocr_line' id='line_1_9' title="bbox 118 871 1540 934; baseline -0.005 -12"><span class='ocrx_word' id='word_1_51' title='bbox 118 877 236 922; x_wconf 89' lang='lat' dir='ltr'>mini</span> <span class='ocrx_word' id='word_1_52' title='bbox 273 885 463 921; x_wconf 81' lang='lat' dir='ltr'><strong>Mxxxv⁰</strong></span> <span class='ocrx_word' id='word_1_53' title='bbox 489 873 628 921; x_wconf 82' lang='lat' dir='ltr'>obiit.</span> <span class='ocrx_word' id='word_1_54' title='bbox 668 875 820 920; x_wconf 85' lang='lat' dir='ltr'>Porro</span> <span class='ocrx_word' id='word_1_55' title='bbox 841 873 1125 919; x_wconf 82' lang='lat' dir='ltr'>Willermus</span> <span class='ocrx_word' id='word_1_56' title='bbox 1156 871 1280 918; x_wconf 84' lang='lat' dir='ltr'>filius</span> <span class='ocrx_word' id='word_1_57' title='bbox 1305 873 1428 934; x_wconf 88' lang='lat' dir='ltr'>ejus,</span> <span class='ocrx_word' id='word_1_58' title='bbox 1458 871 1540 934; x_wconf 86' lang='lat' dir='ltr'>qui</span> 
     </span>
     <span class='ocr_line' id='line_1_10' title="bbox 121 950 1541 1007; baseline -0.004 -9"><span class='ocrx_word' id='word_1_59' title='bbox 121 964 234 999; x_wconf 87' lang='lat' dir='ltr'>tunc</span> <span class='ocrx_word' id='word_1_60' title='bbox 271 963 381 999; x_wconf 87' lang='lat' dir='ltr'>octo</span> <span class='ocrx_word' id='word_1_61' title='bbox 424 969 662 998; x_wconf 88' lang='lat' dir='ltr'>annorum</span> <span class='ocrx_word' id='word_1_62' title='bbox 702 961 833 1007; x_wconf 90' lang='lat' dir='ltr'>erat,</span> <span class='ocrx_word' id='word_1_63' title='bbox 875 950 1098 996; x_wconf 87' lang='lat' dir='ltr'>ducatum</span> <span class='ocrx_word' id='word_1_64' title='bbox 1145 950 1541 996; x_wconf 78' lang='lat' dir='ltr'>Normannorum</span> 
     </span>
     <span class='ocr_line' id='line_1_11' title="bbox 117 1025 1538 1093; baseline -0.004 -18"><span class='ocrx_word' id='word_1_65' title='bbox 117 1030 348 1093; x_wconf 86' lang='lat' dir='ltr'>suscepit,</span> <span class='ocrx_word' id='word_1_66' title='bbox 380 1039 425 1075; x_wconf 91' lang='lat' dir='ltr'>et</span> <span class='ocrx_word' id='word_1_67' title='bbox 452 1029 718 1075; x_wconf 84' lang='lat' dir='ltr'>multorum</span> <span class='ocrx_word' id='word_1_68' title='bbox 746 1027 926 1073; x_wconf 85' lang='lat' dir='ltr'>insidiis</span> <span class='ocrx_word' id='word_1_69' title='bbox 952 1026 1240 1073; x_wconf 66' lang='lat' dir='ltr'>aemulorum</span> <span class='ocrx_word' id='word_1_70' title='bbox 1267 1025 1538 1088; x_wconf 82' lang='lat' dir='ltr'>impetitus,</span> 
     </span>
     <span class='ocr_line' id='line_1_12' title="bbox 120 1100 1541 1168; baseline -0.003 -17"><span class='ocrx_word' id='word_1_71' title='bbox 120 1123 201 1152; x_wconf 86' lang='lat' dir='ltr'>L111</span> <span class='ocrx_word' id='word_1_72' title='bbox 218 1107 352 1152; x_wconf 88' lang='lat' dir='ltr'>annis</span> <span class='ocrx_word' id='word_1_73' title='bbox 376 1117 568 1153; x_wconf 84' lang='lat' dir='ltr'>strenue</span> <span class='ocrx_word' id='word_1_74' title='bbox 590 1106 760 1152; x_wconf 87' lang='lat' dir='ltr'>tenuit.</span> <span class='ocrx_word' id='word_1_75' title='bbox 779 1106 880 1168; x_wconf 87' lang='lat' dir='ltr'>Ipse</span> <span class='ocrx_word' id='word_1_76' title='bbox 902 1114 1154 1168; x_wconf 87' lang='lat' dir='ltr'>parentum</span> <span class='ocrx_word' id='word_1_77' title='bbox 1172 1120 1371 1149; x_wconf 86' lang='lat' dir='ltr'>suorum</span> <span class='ocrx_word' id='word_1_78' title='bbox 1389 1100 1541 1147; x_wconf 87' lang='lat' dir='ltr'>studia</span> 
     </span>
     <span class='ocr_line' id='line_1_13' title="bbox 118 1179 1541 1249; baseline -0.004 -19"><span class='ocrx_word' id='word_1_79' title='bbox 118 1186 248 1249; x_wconf 80' lang='lat' dir='ltr'>sequi</span> <span class='ocrx_word' id='word_1_80' title='bbox 268 1202 373 1248; x_wconf 73' lang='lat' dir='ltr'>erga</span> <span class='ocrx_word' id='word_1_81' title='bbox 394 1185 480 1231; x_wconf 86' lang='lat' dir='ltr'>Dei</span> <span class='ocrx_word' id='word_1_82' title='bbox 507 1185 689 1230; x_wconf 81' lang='lat' dir='ltr'>cultum</span> <span class='ocrx_word' id='word_1_83' title='bbox 711 1183 895 1247; x_wconf 77' lang='lat' dir='ltr'>sategit,</span> <span class='ocrx_word' id='word_1_84' title='bbox 920 1183 1115 1246; x_wconf 86' lang='lat' dir='ltr'>Deoque</span> <span class='ocrx_word' id='word_1_85' title='bbox 1136 1181 1340 1237; x_wconf 82' lang='lat' dir='ltr'>favente,</span> <span class='ocrx_word' id='word_1_86' title='bbox 1364 1179 1541 1225; x_wconf 80' lang='lat' dir='ltr'>divitiis</span> 
     </span>
     <span class='ocr_line' id='line_1_14' title="bbox 120 1259 1541 1325; baseline -0.004 -18"><span class='ocrx_word' id='word_1_87' title='bbox 120 1271 165 1308; x_wconf 91' lang='lat' dir='ltr'>et</span> <span class='ocrx_word' id='word_1_88' title='bbox 184 1272 416 1325; x_wconf 81' lang='lat' dir='ltr'>potestate</span> <span class='ocrx_word' id='word_1_89' title='bbox 435 1279 628 1309; x_wconf 88' lang='lat' dir='ltr'>omnem</span> <span class='ocrx_word' id='word_1_90' title='bbox 647 1271 836 1324; x_wconf 88' lang='lat' dir='ltr'>patrum</span> <span class='ocrx_word' id='word_1_91' title='bbox 856 1278 1053 1307; x_wconf 90' lang='lat' dir='ltr'>suorum</span> <span class='ocrx_word' id='word_1_92' title='bbox 1069 1259 1268 1323; x_wconf 82' lang='lat' dir='ltr'>gloriam</span> <span class='ocrx_word' id='word_1_93' title='bbox 1292 1267 1541 1303; x_wconf 84' lang='lat' dir='ltr'>transcen-</span> 
     </span>
     <span class='ocr_line' id='line_1_15' title="bbox 119 1335 1541 1403; baseline -0.004 -19"><span class='ocrx_word' id='word_1_94' title='bbox 119 1338 206 1385; x_wconf 90' lang='lat' dir='ltr'>dit.</span> <span class='ocrx_word' id='word_1_95' title='bbox 235 1339 371 1403; x_wconf 85' lang='lat' dir='ltr'>Apud</span> <span class='ocrx_word' id='word_1_96' title='bbox 400 1339 659 1385; x_wconf 84' lang='lat' dir='ltr'>Cadomum</span> <span class='ocrx_word' id='word_1_97' title='bbox 687 1337 783 1384; x_wconf 86' lang='lat' dir='ltr'>duo</span> <span class='ocrx_word' id='word_1_98' title='bbox 809 1336 1031 1383; x_wconf 83' lang='lat' dir='ltr'>coenobia</span> <span class='ocrx_word' id='word_1_99' title='bbox 1057 1335 1328 1383; x_wconf 84' lang='lat' dir='ltr'>construxit</span> <span class='ocrx_word' id='word_1_100' title='bbox 1353 1355 1362 1379; x_wconf 77' lang='grc' dir='ltr'>ε</span> <span class='ocrx_word' id='word_1_101' title='bbox 1391 1351 1541 1379; x_wconf 89' lang='lat' dir='ltr'>unum</span> 
     </span>
     <span class='ocr_line' id='line_1_16' title="bbox 118 1414 1541 1478; baseline -0.004 -16"><span class='ocrx_word' id='word_1_102' title='bbox 118 1417 465 1464; x_wconf 87' lang='lat' dir='ltr'>monachorum</span> <span class='ocrx_word' id='word_1_103' title='bbox 505 1417 551 1462; x_wconf 88' lang='lat' dir='ltr'>in</span> <span class='ocrx_word' id='word_1_104' title='bbox 589 1416 774 1462; x_wconf 86' lang='lat' dir='ltr'>honore</span> <span class='ocrx_word' id='word_1_105' title='bbox 811 1415 959 1461; x_wconf 85' lang='lat' dir='ltr'>sancti</span> <span class='ocrx_word' id='word_1_106' title='bbox 995 1414 1220 1478; x_wconf 86' lang='lat' dir='ltr'>Stephani</span> <span class='ocrx_word' id='word_1_107' title='bbox 1263 1423 1541 1476; x_wconf 85' lang='lat' dir='ltr'>protomar—</span> 
     </span>
     <span class='ocr_line' id='line_1_17' title="bbox 120 1489 1543 1559; baseline -0.004 -19"><span class='ocrx_word' id='word_1_108' title='bbox 120 1495 265 1559; x_wconf 84' lang='lat' dir='ltr'>tyris,</span> <span class='ocrx_word' id='word_1_109' title='bbox 304 1493 431 1540; x_wconf 89' lang='lat' dir='ltr'>aliud</span> <span class='ocrx_word' id='word_1_110' title='bbox 464 1493 901 1539; x_wconf 86' lang='lat' dir='ltr'>sanctimonialium</span> <span class='ocrx_word' id='word_1_111' title='bbox 932 1493 979 1538; x_wconf 90' lang='lat' dir='ltr'>in</span> <span class='ocrx_word' id='word_1_112' title='bbox 1016 1492 1200 1540; x_wconf 89' lang='lat' dir='ltr'>honore</span> <span class='ocrx_word' id='word_1_113' title='bbox 1229 1502 1403 1536; x_wconf 82' lang='lat' dir='ltr'>sanctae</span> <span class='ocrx_word' id='word_1_114' title='bbox 1430 1489 1543 1535; x_wconf 84' lang='lat' dir='ltr'>Tri-</span> 
     </span>
     <span class='ocr_line' id='line_1_18' title="bbox 121 1583 284 1618; baseline -0.006 0"><span class='ocrx_word' id='word_1_115' title='bbox 121 1583 284 1618; x_wconf 81' lang='lat' dir='ltr'>nitatis</span> 
     </span>
    </p>
   </div>
   <div class='ocr_carea' id='block_1_5' title="bbox 118 1741 1546 2804">
    <p class='ocr_par' dir='ltr' id='par_1_5' title="bbox 118 1741 1543 2675">
     <span class='ocr_line' id='line_1_19' title="bbox 118 1741 1541 1792; baseline -0.002 -14"><span class='ocrx_word' id='word_1_116' title='bbox 118 1744 289 1779; x_wconf 79' lang='lat' dir='ltr'>des-Pres</span> <span class='ocrx_word' id='word_1_117' title='bbox 306 1752 343 1780; x_wconf 85' lang='lat' dir='ltr'>et</span> <span class='ocrx_word' id='word_1_118' title='bbox 359 1745 404 1780; x_wconf 88' lang='lat' dir='ltr'>de</span> <span class='ocrx_word' id='word_1_119' title='bbox 427 1745 709 1792; x_wconf 79' lang='lat' dir='ltr'>Saint-Benigne</span> <span class='ocrx_word' id='word_1_120' title='bbox 728 1745 773 1779; x_wconf 87' lang='lat' dir='ltr'>de</span> <span class='ocrx_word' id='word_1_121' title='bbox 793 1745 905 1791; x_wconf 88' lang='lat' dir='ltr'>Dijon</span> <span class='ocrx_word' id='word_1_122' title='bbox 924 1743 1121 1791; x_wconf 90' lang='lat' dir='ltr'>indiquent</span> <span class='ocrx_word' id='word_1_123' title='bbox 1140 1743 1173 1777; x_wconf 89' lang='lat' dir='ltr'>le</span> <span class='ocrx_word' id='word_1_124' title='bbox 1189 1742 1212 1776; x_wconf 87' lang='lat'>6</span> <span class='ocrx_word' id='word_1_125' title='bbox 1225 1741 1312 1776; x_wconf 76' lang='lat' dir='ltr'>aofit</span> <span class='ocrx_word' id='word_1_126' title='bbox 1331 1743 1436 1787; x_wconf 84' lang='lat' dir='ltr'>(V1110</span> <span class='ocrx_word' id='word_1_127' title='bbox 1456 1741 1541 1775; x_wconf 77' lang='lat' dir='ltr'>idas</span> 
     </span>
     <span class='ocr_line' id='line_1_20' title="bbox 118 1800 1538 1852; baseline -0.004 -13"><span class='ocrx_word' id='word_1_128' title='bbox 118 1806 307 1852; x_wconf 75' lang='lat' dir='ltr'>aagusti);</span> <span class='ocrx_word' id='word_1_129' title='bbox 320 1817 370 1839; x_wconf 90' lang='lat' dir='ltr'>un</span> <span class='ocrx_word' id='word_1_130' title='bbox 388 1813 492 1840; x_wconf 81' lang='lat' dir='ltr'>autre</span> <span class='ocrx_word' id='word_1_131' title='bbox 510 1805 743 1852; x_wconf 78' lang='lat' dir='ltr'>temoignage</span> <span class='ocrx_word' id='word_1_132' title='bbox 757 1804 1035 1851; x_wconf 81' lang='lat' dir='ltr'>contemporain</span> <span class='ocrx_word' id='word_1_133' title='bbox 1052 1802 1085 1836; x_wconf 87' lang='lat' dir='ltr'>la</span> <span class='ocrx_word' id='word_1_134' title='bbox 1103 1809 1210 1849; x_wconf 82' lang='lat' dir='ltr'>porte</span> <span class='ocrx_word' id='word_1_135' title='bbox 1228 1813 1274 1835; x_wconf 83' lang='lat' dir='ltr'>au</span> <span class='ocrx_word' id='word_1_136' title='bbox 1295 1800 1340 1836; x_wconf 78' lang='lat'>25</span> <span class='ocrx_word' id='word_1_137' title='bbox 1354 1800 1406 1835; x_wconf 90' lang='lat' dir='ltr'>du</span> <span class='ocrx_word' id='word_1_138' title='bbox 1420 1801 1538 1835; x_wconf 69' lang='lat' dir='ltr'>meme</span> 
     </span>
     <span class='ocr_line' id='line_1_21' title="bbox 119 1860 1539 1911; baseline -0.002 -13"><span class='ocrx_word' id='word_1_139' title='bbox 119 1865 211 1899; x_wconf 90' lang='lat' dir='ltr'>mois</span> <span class='ocrx_word' id='word_1_140' title='bbox 230 1867 285 1908; x_wconf 79' lang='lat' dir='ltr'>(x0</span> <span class='ocrx_word' id='word_1_141' title='bbox 297 1865 479 1900; x_wconf 70' lang='lat' dir='ltr'>kalendas</span> <span class='ocrx_word' id='word_1_142' title='bbox 496 1865 744 1911; x_wconf 72' lang='lat' dir='ltr'>septembris).</span> <span class='ocrx_word' id='word_1_143' title='bbox 761 1865 862 1899; x_wconf 82' lang='lat' dir='ltr'>Nous</span> <span class='ocrx_word' id='word_1_144' title='bbox 881 1876 927 1898; x_wconf 87' lang='lat' dir='ltr'>ne</span> <span class='ocrx_word' id='word_1_145' title='bbox 947 1875 1040 1898; x_wconf 85' lang='lat' dir='ltr'>nous</span> <span class='ocrx_word' id='word_1_146' title='bbox 1058 1861 1293 1897; x_wconf 87' lang='lat' dir='ltr'>dissimulons</span> <span class='ocrx_word' id='word_1_147' title='bbox 1310 1873 1370 1908; x_wconf 85' lang='lat' dir='ltr'>pas</span> <span class='ocrx_word' id='word_1_148' title='bbox 1392 1860 1425 1895; x_wconf 86' lang='lat' dir='ltr'>la</span> <span class='ocrx_word' id='word_1_149' title='bbox 1443 1860 1539 1895; x_wconf 83' lang='lat' dir='ltr'>diffi-</span> 
     </span>
     <span class='ocr_line' id='line_1_22' title="bbox 119 1920 1541 1963; baseline -0.003 -6"><span class='ocrx_word' id='word_1_150' title='bbox 119 1922 216 1958; x_wconf 81' lang='lat' dir='ltr'>culte</span> <span class='ocrx_word' id='word_1_151' title='bbox 236 1923 446 1958; x_wconf 83' lang='lat' dir='ltr'>d’accorder</span> <span class='ocrx_word' id='word_1_152' title='bbox 466 1936 523 1958; x_wconf 88' lang='lat' dir='ltr'>ces</span> <span class='ocrx_word' id='word_1_153' title='bbox 540 1924 698 1959; x_wconf 85' lang='lat' dir='ltr'>diverses</span> <span class='ocrx_word' id='word_1_154' title='bbox 713 1924 879 1958; x_wconf 83' lang='lat' dir='ltr'>fixations</span> <span class='ocrx_word' id='word_1_155' title='bbox 898 1922 1199 1957; x_wconf 78' lang='lat' dir='ltr'>non-seulement</span> <span class='ocrx_word' id='word_1_156' title='bbox 1216 1928 1321 1956; x_wconf 88' lang='lat' dir='ltr'>entre</span> <span class='ocrx_word' id='word_1_157' title='bbox 1338 1920 1437 1963; x_wconf 87' lang='lat' dir='ltr'>elles,</span> <span class='ocrx_word' id='word_1_158' title='bbox 1450 1920 1541 1953; x_wconf 87' lang='lat' dir='ltr'>mais</span> 
     </span>
     <span class='ocr_line' id='line_1_23' title="bbox 118 1979 1542 2031; baseline -0.004 -13"><span class='ocrx_word' id='word_1_159' title='bbox 118 1996 201 2018; x_wconf 83' lang='lat' dir='ltr'>avec</span> <span class='ocrx_word' id='word_1_160' title='bbox 222 1983 284 2018; x_wconf 90' lang='lat' dir='ltr'>des</span> <span class='ocrx_word' id='word_1_161' title='bbox 303 1991 398 2018; x_wconf 79' lang='lat' dir='ltr'>actes</span> <span class='ocrx_word' id='word_1_162' title='bbox 417 1984 527 2018; x_wconf 75' lang='lat' dir='ltr'>d&#39;une</span> <span class='ocrx_word' id='word_1_163' title='bbox 549 1983 687 2031; x_wconf 80' lang='lat' dir='ltr'>grande</span> <span class='ocrx_word' id='word_1_164' title='bbox 700 1983 956 2018; x_wconf 82' lang='lat' dir='ltr'>autllenticite.</span> <span class='ocrx_word' id='word_1_165' title='bbox 981 1982 1098 2025; x_wconf 84' lang='lat' dir='ltr'>Ainsi,</span> <span class='ocrx_word' id='word_1_166' title='bbox 1120 1993 1186 2028; x_wconf 85' lang='lat' dir='ltr'>par</span> <span class='ocrx_word' id='word_1_167' title='bbox 1204 1992 1306 2015; x_wconf 85' lang='lat' dir='ltr'>exem</span> <span class='ocrx_word' id='word_1_168' title='bbox 1315 1979 1382 2026; x_wconf 82' lang='lat' dir='ltr'>ple,</span> <span class='ocrx_word' id='word_1_169' title='bbox 1400 1979 1542 2025; x_wconf 67' lang='lat' dir='ltr'>d&#39;apres</span> 
     </span>
     <span class='ocr_line' id='line_1_24' title="bbox 118 2039 1540 2089; baseline -0.004 -11"><span class='ocrx_word' id='word_1_170' title='bbox 118 2044 152 2078; x_wconf 92' lang='lat' dir='ltr'>le</span> <span class='ocrx_word' id='word_1_171' title='bbox 179 2043 388 2078; x_wconf 78' lang='lat' dir='ltr'>dotalitium</span> <span class='ocrx_word' id='word_1_172' title='bbox 406 2044 502 2079; x_wconf 87' lang='lat' dir='ltr'>dela</span> <span class='ocrx_word' id='word_1_173' title='bbox 528 2044 706 2078; x_wconf 85' lang='lat' dir='ltr'>duchesse</span> <span class='ocrx_word' id='word_1_174' title='bbox 733 2043 869 2085; x_wconf 70' lang='lat' dir='ltr'>Adele,</span> <span class='ocrx_word' id='word_1_175' title='bbox 892 2042 917 2077; x_wconf 88' lang='lat' dir='ltr'>il</span> <span class='ocrx_word' id='word_1_176' title='bbox 942 2043 1136 2089; x_wconf 78' lang='lat' dir='ltr'>paraitrait</span> <span class='ocrx_word' id='word_1_177' title='bbox 1160 2053 1232 2088; x_wconf 85' lang='lat' dir='ltr'>que</span> <span class='ocrx_word' id='word_1_178' title='bbox 1253 2053 1317 2075; x_wconf 86' lang='lat' dir='ltr'>son</span> <span class='ocrx_word' id='word_1_179' title='bbox 1348 2040 1441 2074; x_wconf 81' lang='lat' dir='ltr'>mari</span> <span class='ocrx_word' id='word_1_180' title='bbox 1474 2039 1540 2073; x_wconf 79' lang='lat' dir='ltr'>Ri-</span> 
     </span>
     <span class='ocr_line' id='line_1_25' title="bbox 119 2098 1541 2149; baseline -0.004 -12"><span class='ocrx_word' id='word_1_181' title='bbox 119 2103 234 2137; x_wconf 82' lang='lat' dir='ltr'>chard</span> <span class='ocrx_word' id='word_1_182' title='bbox 253 2104 309 2138; x_wconf 95' lang='grc' dir='ltr'>ΙΙΙ</span> <span class='ocrx_word' id='word_1_183' title='bbox 328 2104 447 2138; x_wconf 71' lang='lat' dir='ltr'>aui-ait</span> <span class='ocrx_word' id='word_1_184' title='bbox 473 2104 549 2149; x_wconf 82' lang='lat' dir='ltr'>pris</span> <span class='ocrx_word' id='word_1_185' title='bbox 574 2103 896 2138; x_wconf 83' lang='lat' dir='ltr'>l&#39;administration</span> <span class='ocrx_word' id='word_1_186' title='bbox 924 2101 969 2136; x_wconf 94' lang='lat' dir='ltr'>de</span> <span class='ocrx_word' id='word_1_187' title='bbox 995 2102 1027 2136; x_wconf 85' lang='lat' dir='ltr'>la</span> <span class='ocrx_word' id='word_1_188' title='bbox 1057 2100 1283 2135; x_wconf 82' lang='lat' dir='ltr'>Normandie</span> <span class='ocrx_word' id='word_1_189' title='bbox 1307 2098 1439 2133; x_wconf 68' lang='grc'><strong>(163163</strong></span> <span class='ocrx_word' id='word_1_190' title='bbox 1457 2110 1541 2145; x_wconf 81' lang='lat' dir='ltr'>pre-</span> 
     </span>
     <span class='ocr_line' id='line_1_26' title="bbox 119 2158 1500 2209; baseline -0.004 -13"><span class='ocrx_word' id='word_1_191' title='bbox 119 2163 346 2209; x_wconf 80' lang='lat' dir='ltr'>miersjours</span> <span class='ocrx_word' id='word_1_192' title='bbox 365 2162 411 2198; x_wconf 86' lang='lat' dir='ltr'>de</span> <span class='ocrx_word' id='word_1_193' title='bbox 436 2162 534 2197; x_wconf 79' lang='lat'>1026.</span> <span class='ocrx_word' id='word_1_194' title='bbox 557 2163 664 2209; x_wconf 75' lang='lat' dir='ltr'>(Ego</span> <span class='ocrx_word' id='word_1_195' title='bbox 679 2161 891 2196; x_wconf 80' lang='lat' dir='ltr'>Richardas</span> <span class='ocrx_word' id='word_1_196' title='bbox 905 2161 1226 2196; x_wconf 76' lang='lat' dir='ltr'>Nortmannoram</span> <span class='ocrx_word' id='word_1_197' title='bbox 1243 2158 1334 2193; x_wconf 72' lang='lat' dir='ltr'>dax.</span> <span class='ocrx_word' id='word_1_198' title='bbox 1358 2185 1365 2192; x_wconf 95' lang='lat'><strong><em>.</em></strong></span> <span class='ocrx_word' id='word_1_199' title='bbox 1389 2185 1395 2192; x_wconf 92' lang='lat'>.</span> <span class='ocrx_word' id='word_1_200' title='bbox 1422 2185 1430 2192; x_wconf 92' lang='lat'>.</span> <span class='ocrx_word' id='word_1_201' title='bbox 1493 2182 1500 2190; x_wconf 89' lang='lat'><strong>.</strong></span> 
     </span>
     <span class='ocr_line' id='line_1_27' title="bbox 121 2216 1540 2270; baseline -0.005 -13"><span class='ocrx_word' id='word_1_202' title='bbox 121 2223 259 2257; x_wconf 79' lang='lat' dir='ltr'>Datum</span> <span class='ocrx_word' id='word_1_203' title='bbox 277 2236 401 2258; x_wconf 81' lang='lat' dir='ltr'>mense</span> <span class='ocrx_word' id='word_1_204' title='bbox 424 2224 608 2270; x_wconf 80' lang='lat' dir='ltr'>januarii,</span> <span class='ocrx_word' id='word_1_205' title='bbox 628 2235 727 2257; x_wconf 87' lang='lat' dir='ltr'>anno</span> <span class='ocrx_word' id='word_1_206' title='bbox 750 2223 1018 2257; x_wconf 70' lang='lat' dir='ltr'>incarnationis</span> <span class='ocrx_word' id='word_1_207' title='bbox 1031 2221 1183 2255; x_wconf 85' lang='lat' dir='ltr'>Domini</span> <span class='ocrx_word' id='word_1_208' title='bbox 1198 2226 1238 2252; x_wconf 82' lang='grc' dir='ltr'>Μο</span> <span class='ocrx_word' id='word_1_209' title='bbox 1258 2224 1317 2253; x_wconf 83' lang='lat' dir='ltr'>xx0</span> <span class='ocrx_word' id='word_1_210' title='bbox 1335 2224 1400 2261; x_wconf 83' lang='lat' dir='ltr'>V10,</span> <span class='ocrx_word' id='word_1_211' title='bbox 1422 2216 1540 2251; x_wconf 78' lang='lat' dir='ltr'>indic-</span> 
     </span>
     <span class='ocr_line' id='line_1_28' title="bbox 122 2276 1541 2328; baseline -0.004 -12"><span class='ocrx_word' id='word_1_212' title='bbox 122 2284 215 2317; x_wconf 80' lang='lat' dir='ltr'>tione</span> <span class='ocrx_word' id='word_1_213' title='bbox 249 2284 329 2328; x_wconf 64' lang='lat' dir='ltr'>1xfl).</span> <span class='ocrx_word' id='word_1_214' title='bbox 351 2283 445 2317; x_wconf 79' lang='lat' dir='ltr'>D&#39;un</span> <span class='ocrx_word' id='word_1_215' title='bbox 464 2289 568 2317; x_wconf 80' lang='lat' dir='ltr'>autre</span> <span class='ocrx_word' id='word_1_216' title='bbox 585 2281 687 2325; x_wconf 74' lang='lat' dir='ltr'>cote,</span> <span class='ocrx_word' id='word_1_217' title='bbox 716 2282 766 2316; x_wconf 88' lang='lat' dir='ltr'>les</span> <span class='ocrx_word' id='word_1_218' title='bbox 784 2282 929 2316; x_wconf 81' lang='lat' dir='ltr'>chartes</span> <span class='ocrx_word' id='word_1_219' title='bbox 954 2280 999 2315; x_wconf 88' lang='lat' dir='ltr'>de</span> <span class='ocrx_word' id='word_1_220' title='bbox 1026 2278 1191 2314; x_wconf 79' lang='lat' dir='ltr'>Richard</span> <span class='ocrx_word' id='word_1_221' title='bbox 1223 2279 1260 2313; x_wconf 92' lang='grc' dir='ltr'>Π</span> <span class='ocrx_word' id='word_1_222' title='bbox 1277 2290 1323 2312; x_wconf 90' lang='lat' dir='ltr'>en</span> <span class='ocrx_word' id='word_1_223' title='bbox 1347 2277 1471 2312; x_wconf 82' lang='lat' dir='ltr'>savem·</span> <span class='ocrx_word' id='word_1_224' title='bbox 1496 2276 1541 2310; x_wconf 86' lang='lat' dir='ltr'>(le</span> 
     </span>
     <span class='ocr_line' id='line_1_29' title="bbox 119 2336 1542 2390; baseline -0.005 -14"><span class='ocrx_word' id='word_1_225' title='bbox 119 2343 324 2390; x_wconf 58' lang='lat' dir='ltr'>Jumifeges,</span> <span class='ocrx_word' id='word_1_226' title='bbox 347 2343 392 2378; x_wconf 91' lang='lat' dir='ltr'>de</span> <span class='ocrx_word' id='word_1_227' title='bbox 416 2344 593 2390; x_wconf 72' lang='lat' dir='ltr'>Fecanip,</span> <span class='ocrx_word' id='word_1_228' title='bbox 623 2343 668 2377; x_wconf 87' lang='lat' dir='ltr'>de</span> <span class='ocrx_word' id='word_1_229' title='bbox 688 2342 818 2377; x_wconf 83' lang='lat' dir='ltr'>Bernai</span> <span class='ocrx_word' id='word_1_230' title='bbox 837 2343 1047 2389; x_wconf 77' lang='lat' dir='ltr'>presentent</span> <span class='ocrx_word' id='word_1_231' title='bbox 1066 2340 1098 2374; x_wconf 85' lang='lat' dir='ltr'>la</span> <span class='ocrx_word' id='word_1_232' title='bbox 1119 2340 1203 2374; x_wconf 84' lang='lat' dir='ltr'>date</span> <span class='ocrx_word' id='word_1_233' title='bbox 1224 2338 1275 2372; x_wconf 89' lang='lat' dir='ltr'>du</span> <span class='ocrx_word' id='word_1_234' title='bbox 1301 2338 1395 2372; x_wconf 88' lang='lat' dir='ltr'>mois</span> <span class='ocrx_word' id='word_1_235' title='bbox 1416 2336 1542 2370; x_wconf 69' lang='lat' dir='ltr'>d’aosit</span> 
     </span>
     <span class='ocr_line' id='line_1_30' title="bbox 125 2397 1541 2451; baseline -0.005 -15"><span class='ocrx_word' id='word_1_236' title='bbox 125 2414 225 2450; x_wconf 79' lang='lat'><strong>¹027·</strong></span> <span class='ocrx_word' id='word_1_237' title='bbox 246 2403 346 2437; x_wconf 89' lang='lat' dir='ltr'>Nous</span> <span class='ocrx_word' id='word_1_238' title='bbox 364 2416 408 2438; x_wconf 86' lang='lat' dir='ltr'>ne</span> <span class='ocrx_word' id='word_1_239' title='bbox 425 2416 559 2451; x_wconf 85' lang='lat' dir='ltr'>voyons</span> <span class='ocrx_word' id='word_1_240' title='bbox 572 2403 714 2438; x_wconf 83' lang='lat' dir='ltr'>d’autre</span> <span class='ocrx_word' id='word_1_241' title='bbox 733 2415 864 2449; x_wconf 70' lang='lat' dir='ltr'>moyen</span> <span class='ocrx_word' id='word_1_242' title='bbox 883 2401 927 2436; x_wconf 84' lang='lat' dir='ltr'>de</span> <span class='ocrx_word' id='word_1_243' title='bbox 943 2400 1117 2436; x_wconf 87' lang='lat' dir='ltr'>concilier</span> <span class='ocrx_word' id='word_1_244' title='bbox 1135 2411 1192 2434; x_wconf 87' lang='lat' dir='ltr'>ces</span> <span class='ocrx_word' id='word_1_245' title='bbox 1210 2398 1311 2433; x_wconf 85' lang='lat' dir='ltr'>dates</span> <span class='ocrx_word' id='word_1_246' title='bbox 1328 2397 1436 2445; x_wconf 75' lang='lat' dir='ltr'>qu’en</span> <span class='ocrx_word' id='word_1_247' title='bbox 1454 2407 1541 2442; x_wconf 86' lang='lat' dir='ltr'>sup-</span> 
     </span>
     <span class='ocr_line' id='line_1_31' title="bbox 121 2454 1541 2510; baseline -0.006 -14"><span class='ocrx_word' id='word_1_248' title='bbox 121 2469 251 2508; x_wconf 86' lang='lat' dir='ltr'>posant</span> <span class='ocrx_word' id='word_1_249' title='bbox 278 2475 348 2509; x_wconf 85' lang='lat' dir='ltr'>que</span> <span class='ocrx_word' id='word_1_250' title='bbox 374 2463 536 2498; x_wconf 83' lang='lat' dir='ltr'>Richard</span> <span class='ocrx_word' id='word_1_251' title='bbox 562 2464 618 2498; x_wconf 86' lang='grc' dir='ltr'>ΙΙΙ</span> <span class='ocrx_word' id='word_1_252' title='bbox 642 2464 693 2498; x_wconf 81' lang='lat' dir='ltr'>ait</span> <span class='ocrx_word' id='word_1_253' title='bbox 717 2463 792 2510; x_wconf 87' lang='lat' dir='ltr'>pris</span> <span class='ocrx_word' id='word_1_254' title='bbox 816 2461 1137 2496; x_wconf 73' lang='lat' dir='ltr'>l’administration</span> <span class='ocrx_word' id='word_1_255' title='bbox 1160 2459 1211 2493; x_wconf 86' lang='lat' dir='ltr'>du</span> <span class='ocrx_word' id='word_1_256' title='bbox 1233 2458 1353 2492; x_wconf 79' lang='lat' dir='ltr'>duche</span> <span class='ocrx_word' id='word_1_257' title='bbox 1381 2461 1486 2489; x_wconf 80' lang='lat' dir='ltr'>avant</span> <span class='ocrx_word' id='word_1_258' title='bbox 1509 2454 1541 2488; x_wconf 85' lang='lat' dir='ltr'>la</span> 
     </span>
     <span class='ocr_line' id='line_1_32' title="bbox 122 2515 1541 2570; baseline -0.006 -14"><span class='ocrx_word' id='word_1_259' title='bbox 122 2529 218 2556; x_wconf 84' lang='lat' dir='ltr'>mort</span> <span class='ocrx_word' id='word_1_260' title='bbox 242 2522 287 2556; x_wconf 86' lang='lat' dir='ltr'>de</span> <span class='ocrx_word' id='word_1_261' title='bbox 311 2534 375 2556; x_wconf 86' lang='lat' dir='ltr'>son</span> <span class='ocrx_word' id='word_1_262' title='bbox 402 2523 504 2568; x_wconf 71' lang='lat' dir='ltr'>pere,</span> <span class='ocrx_word' id='word_1_263' title='bbox 527 2523 590 2570; x_wconf 90' lang='lat' dir='ltr'>qui</span> <span class='ocrx_word' id='word_1_264' title='bbox 615 2523 732 2557; x_wconf 82' lang='lat' dir='ltr'>aurait</span> <span class='ocrx_word' id='word_1_265' title='bbox 757 2523 859 2569; x_wconf 84' lang='lat' dir='ltr'>passe</span> <span class='ocrx_word' id='word_1_266' title='bbox 883 2521 932 2555; x_wconf 81' lang='lat' dir='ltr'>les</span> <span class='ocrx_word' id='word_1_267' title='bbox 951 2521 1116 2556; x_wconf 75' lang='lat' dir='ltr'>derniers</span> <span class='ocrx_word' id='word_1_268' title='bbox 1135 2518 1226 2553; x_wconf 83' lang='lat' dir='ltr'>mois</span> <span class='ocrx_word' id='word_1_269' title='bbox 1245 2517 1291 2551; x_wconf 90' lang='lat' dir='ltr'>de</span> <span class='ocrx_word' id='word_1_270' title='bbox 1310 2529 1344 2550; x_wconf 86' lang='lat' dir='ltr'>sa</span> <span class='ocrx_word' id='word_1_271' title='bbox 1364 2516 1419 2550; x_wconf 92' lang='lat' dir='ltr'>vie</span> <span class='ocrx_word' id='word_1_272' title='bbox 1435 2517 1454 2549; x_wconf 73' lang='lat' dir='ltr'>a</span> <span class='ocrx_word' id='word_1_273' title='bbox 1472 2515 1541 2549; x_wconf 81' lang='lat' dir='ltr'>Fe-</span> 
     </span>
     <span class='ocr_line' id='line_1_33' title="bbox 122 2575 1543 2628; baseline -0.004 -13"><span class='ocrx_word' id='word_1_274' title='bbox 122 2594 243 2628; x_wconf 85' lang='lat' dir='ltr'>camp,</span> <span class='ocrx_word' id='word_1_275' title='bbox 271 2581 513 2616; x_wconf 78' lang='lat' dir='ltr'>entierement</span> <span class='ocrx_word' id='word_1_276' title='bbox 537 2582 626 2616; x_wconf 82' lang='lat' dir='ltr'>livre</span> <span class='ocrx_word' id='word_1_277' title='bbox 650 2584 668 2616; x_wconf 72' lang='lat' dir='ltr'>a</span> <span class='ocrx_word' id='word_1_278' title='bbox 693 2593 753 2616; x_wconf 90' lang='lat' dir='ltr'>ces</span> <span class='ocrx_word' id='word_1_279' title='bbox 771 2581 967 2616; x_wconf 82' lang='lat' dir='ltr'>habitudes</span> <span class='ocrx_word' id='word_1_280' title='bbox 986 2580 1234 2625; x_wconf 82' lang='lat' dir='ltr'>monastiques</span> <span class='ocrx_word' id='word_1_281' title='bbox 1253 2576 1316 2624; x_wconf 91' lang='lat' dir='ltr'>qui</span> <span class='ocrx_word' id='word_1_282' title='bbox 1334 2576 1386 2610; x_wconf 86' lang='lat' dir='ltr'>lui</span> <span class='ocrx_word' id='word_1_283' title='bbox 1406 2575 1543 2610; x_wconf 83' lang='lat' dir='ltr'>etaient</span> 
     </span>
     <span class='ocr_line' id='line_1_34' title="bbox 123 2641 311 2675; baseline 0.005 -1"><span class='ocrx_word' id='word_1_284' title='bbox 123 2642 150 2674; x_wconf 90' lang='lat' dir='ltr'>si</span> <span class='ocrx_word' id='word_1_285' title='bbox 171 2641 311 2675; x_wconf 73' lang='lat' dir='ltr'>cheres.</span> 
     </span>
    </p>

    <p class='ocr_par' dir='ltr' id='par_1_6' title="bbox 127 2694 1546 2804">
     <span class='ocr_line' id='line_1_35' title="bbox 170 2694 1545 2744; baseline -0.005 -10"><span class='ocrx_word' id='word_1_286' title='bbox 170 2700 296 2744; x_wconf 84' lang='lat' dir='ltr'>Quant</span> <span class='ocrx_word' id='word_1_287' title='bbox 320 2702 339 2733; x_wconf 70' lang='grc' dir='ltr'>ὲι</span> <span class='ocrx_word' id='word_1_288' title='bbox 366 2700 396 2734; x_wconf 80' lang='lat' dir='ltr'>la</span> <span class='ocrx_word' id='word_1_289' title='bbox 421 2700 503 2733; x_wconf 84' lang='lat' dir='ltr'>date</span> <span class='ocrx_word' id='word_1_290' title='bbox 527 2699 572 2734; x_wconf 87' lang='lat' dir='ltr'>de</span> <span class='ocrx_word' id='word_1_291' title='bbox 600 2700 632 2733; x_wconf 85' lang='lat' dir='ltr'>la</span> <span class='ocrx_word' id='word_1_292' title='bbox 657 2706 754 2733; x_wconf 83' lang='lat' dir='ltr'>mort</span> <span class='ocrx_word' id='word_1_293' title='bbox 773 2699 818 2733; x_wconf 89' lang='lat' dir='ltr'>de</span> <span class='ocrx_word' id='word_1_294' title='bbox 835 2698 998 2732; x_wconf 78' lang='lat' dir='ltr'>Richard</span> <span class='ocrx_word' id='word_1_295' title='bbox 1019 2698 1093 2740; x_wconf 84' lang='grc' dir='ltr'>ΠΙ,</span> <span class='ocrx_word' id='word_1_296' title='bbox 1120 2707 1212 2730; x_wconf 88' lang='lat' dir='ltr'>nous</span> <span class='ocrx_word' id='word_1_297' title='bbox 1235 2701 1477 2730; x_wconf 83' lang='lat' dir='ltr'>rencontrons</span> <span class='ocrx_word' id='word_1_298' title='bbox 1495 2694 1545 2727; x_wconf 76' lang='lat' dir='ltr'>les</span> 
     </span>
     <span class='ocr_line' id='line_1_36' title="bbox 127 2751 1546 2804; baseline -0.004 -14"><span class='ocrx_word' id='word_1_299' title='bbox 127 2757 261 2793; x_wconf 67' lang='lat' dir='ltr'>memes</span> <span class='ocrx_word' id='word_1_300' title='bbox 281 2757 534 2793; x_wconf 82' lang='lat' dir='ltr'>incertitudes.</span> <span class='ocrx_word' id='word_1_301' title='bbox 556 2757 773 2804; x_wconf 78' lang='lat' dir='ltr'>Cependant</span> <span class='ocrx_word' id='word_1_302' title='bbox 792 2769 839 2791; x_wconf 90' lang='lat' dir='ltr'>on</span> <span class='ocrx_word' id='word_1_303' title='bbox 858 2757 925 2791; x_wconf 86' lang='lat' dir='ltr'>sait</span> <span class='ocrx_word' id='word_1_304' title='bbox 942 2768 1007 2803; x_wconf 81' lang='lat' dir='ltr'>par</span> <span class='ocrx_word' id='word_1_305' title='bbox 1023 2755 1056 2790; x_wconf 88' lang='lat' dir='ltr'>la</span> <span class='ocrx_word' id='word_1_306' title='bbox 1075 2755 1202 2790; x_wconf 80' lang='lat' dir='ltr'>charte</span> <span class='ocrx_word' id='word_1_307' title='bbox 1224 2753 1269 2789; x_wconf 88' lang='lat' dir='ltr'>de</span> <span class='ocrx_word' id='word_1_308' title='bbox 1291 2752 1480 2788; x_wconf 77' lang='lat' dir='ltr'>fondation</span> <span class='ocrx_word' id='word_1_309' title='bbox 1502 2751 1546 2785; x_wconf 71' lang='lat' dir='ltr'>&lt;lc</span> 
     </span>
    </p>
   </div>
  </div>
 </body>
</html>
