1951 3194
94 226 358 277 [1050-1057]
587 224 735 263 LIBER
764 223 997 261 TERTIUS.
1442 226 1489 263 47

91 315 285 368 gnatum
323 321 440 368 opus
480 304 528 348 in
564 304 757 349 nomine
792 302 982 349 Domini
1020 299 1289 357 inchoavit,
1331 300 1490 365 ibique

92 382 349 446 Rogerium
365 380 631 426 Uticensem
650 378 934 425 monachum
957 375 1243 423 sacerdotem
1268 387 1314 423 et
1338 378 1490 424 Mori-

92 475 208 503 num
234 468 280 504 et
304 456 671 521 Engelbertum‚
698 456 904 519 aliosque
928 472 983 501 ex
1006 454 1243 518 discipulis
1261 455 1354 500 suis
1375 472 1492 501 con-

92 536 246 581 stituit
260 536 350 599 (1).
369 537 469 598 Ipse
483 550 673 599 quoque
686 533 853 595 saepius
870 532 1071 578 eundem
1085 532 1242 577 locum
1253 531 1487 589 visitabat,

92 622 138 657 et
181 611 356 658 ibidem
391 610 642 676 aliquando
678 609 832 655 tribus
868 626 949 654 seu
981 620 1185 672 quatuor
1221 609 1491 672 septimanis

92 688 440 745 commanebat,
462 698 508 735 et
529 688 727 750 incoepti
748 686 902 750 operis
923 685 1203 748 perfectioni
1225 704 1312 750 pro
1333 705 1492 733 amore

91 768 174 812 Dei
214 777 254 813 et
292 767 495 812 utilitate
531 765 831 830 sequentium
866 764 979 810 totis
1014 763 1194 809 nisibus
1229 765 1487 811 insistebat.

92 842 288 888 Praefata
310 859 422 889 vero
441 842 634 888 Mabilia
654 841 859 887 multum
877 849 976 886 erat
993 850 1161 902 potens
1179 851 1225 886 et
1236 841 1486 897 saecularis,

92 918 254 964 callida
282 929 328 965 et
356 920 557 983 loquax,
590 918 885 981 nimiumque
916 916 1132 962 crudelis.
1159 916 1305 963 Valde
1335 927 1488 964 tamen

92 995 248 1041 virum
272 995 356 1042 Dei
383 995 697 1042 Teodericum
720 992 960 1057 diligebat,
982 993 1117 1056 eique
1137 993 1273 1057 (licet
1296 994 1395 1039 aliis
1418 1013 1490 1041 re-

92 1073 267 1136 ligiosis
303 1071 578 1120 hominibus
618 1072 759 1118 nimis
795 1071 910 1116 dura
944 1071 1091 1133 esset)
1129 1072 1177 1116 in
1210 1070 1487 1136 quibusdam

92 1147 357 1196 obediebat.
386 1149 682 1195 Rodbertum
705 1165 896 1212 quoque
920 1147 976 1193 de
1004 1147 1224 1194 Belesmia
1251 1150 1494 1213 primoge-

93 1226 248 1270 nitum
273 1226 426 1271 filium
449 1243 586 1271 suum
609 1227 756 1288 (cujus
780 1225 1029 1270 crudelitas
1056 1226 1103 1270 in
1132 1225 1295 1271 diebus
1320 1228 1494 1272 nostris

94 1319 233 1365 super
254 1303 441 1348 miseras
469 1301 627 1365 plebes
654 1302 855 1348 nimium
881 1300 1126 1364 efferbuit)
1154 1302 1236 1365 ipsi
1264 1314 1310 1348 et
1335 1304 1494 1367 Roge-

93 1377 190 1433 rio,
217 1378 411 1441 aliisque
437 1377 679 1425 monachis
702 1377 824 1441 apud
848 1378 1037 1441 Sagium
1060 1377 1490 1435 commorantibus,

94 1454 150 1499 ad
171 1453 457 1501 abluendum
480 1473 610 1501 sacro
634 1455 924 1518 baptismatis
947 1455 1081 1502 fonte
1103 1455 1296 1501 obtulit.

158 1530 279 1578 Vera
313 1530 509 1578 charitas
544 1532 707 1588 illum,
753 1532 803 1576 in
837 1548 934 1596 quo
974 1542 1169 1595 regnat,
1210 1531 1349 1578 bonis
1382 1533 1496 1579 facit

95 1607 367 1666 amabilem,
398 1619 444 1655 et
473 1610 701 1672 perversis
726 1608 1091 1655 formidabilem.
1125 1607 1233 1656 Ideo
1258 1627 1379 1673 saepe
1403 1627 1495 1656 no—

95 1686 299 1731 minatus
322 1685 460 1731 abhas
488 1705 510 1732 a
539 1685 677 1733 bonis
703 1687 875 1732 merito
896 1685 1195 1750 diligebatur,
1224 1697 1270 1733 et
1296 1706 1319 1732 a
1342 1689 1496 1751 pravis

99 1761 369 1809 timebatur.
392 1764 662 1809 Exteriores
679 1764 807 1809 enim
826 1780 957 1808 curas
983 1763 1030 1808 in
1055 1773 1285 1827 quantum
1309 1775 1496 1827 poterat

96 1839 356 1897 devitabat,
398 1858 585 1905 seseque
626 1842 787 1888 divino
826 1841 973 1886 cultui
1012 1841 1215 1888 ferventi
1251 1841 1495 1890 sedulitate

98 1917 409 1980 mancipabat.
445 1918 670 1964 Assiduus
700 1935 869 1980 nempe
898 1918 947 1963 in
971 1918 1267 1964 orationibus
1291 1929 1418 1974 erat,
1450 1931 1496 1965 et

100 1996 147 2040 in
186 2013 326 2058 opere
357 2013 583 2042 manuum
615 1995 743 2059 quod
775 1994 862 2040 sibi
899 1994 1210 2057 competebat.
1248 1994 1367 2041 Nam
1399 1997 1496 2060 ipse

100 2071 303 2134 scriptor
326 2081 423 2117 erat
447 2072 680 2135 egregius,
701 2082 748 2117 et
770 2071 945 2135 inclyta
971 2071 1122 2116 insitae
1146 2069 1233 2116 sibi
1258 2072 1369 2116 artis
1395 2090 1498 2119 mo-

100 2148 310 2193 nimenta
354 2148 548 2211 reliquit
588 2148 797 2194 Uticanis
829 2146 1098 2211 juvenibus.
1145 2147 1497 2194 Collectaneum

101 2226 227 2270 enim
249 2236 295 2271 et
318 2225 515 2272 Gradale
541 2227 611 2289 (2)
638 2244 688 2271 ac
711 2225 1115 2289 Antiphonarium
1136 2225 1329 2288 propria
1353 2243 1495 2272 manu

126 2445 129 2449 s
147 2409 196 2453 (Ι)
212 2407 385 2451 L'abbaye
399 2407 443 2441 de
457 2409 881 2444 saint-Martin-de-Se'ez
896 2410 1005 2456 qu’on
1017 2409 1109 2443 croit
1121 2410 1220 2444 avoir
1233 2410 1290 2443 ete
1301 2409 1389 2442 dans
1401 2409 1495 2443 l'ori·

102 2468 184 2513 gine
212 2466 288 2500 l'un
318 2465 381 2499 des
410 2467 608 2501 nombreux
638 2470 859 2503 monasteres
885 2468 1009 2503 fondes
1036 2480 1100 2515 par
1120 2469 1212 2502 saint
1229 2461 1377 2502 Evroult
1407 2468 1495 2503 dans

105 2526 289 2560 l’Hiemois
303 2553 311 2568 ,
331 2536 376 2558 ne
394 2526 509 2570 paruit
533 2528 629 2561 avoir
655 2529 712 2561 ete
731 2529 1071 2575 authentiquement
1087 2528 1237 2562 retablie
1255 2527 1363 2574 qu'en
1395 2528 1494 2563 1060.

103 2585 198 2619 C’est
216 2596 260 2617 au
278 2584 395 2617 moins
412 2583 443 2616 la
460 2583 542 2617 date
556 2597 627 2630 que
645 2592 793 2630 portent
810 2587 860 2620 les
878 2586 1019 2620 chartes
1034 2586 1197 2620 relatives
1215 2587 1232 2619 Ξ]
1247 2592 1340 2620 cette
1358 2594 1496 2621 restau-

106 2644 234 2677 ration
256 2644 378 2689 Voyez
404 2643 526 2676 Gallia
549 2643 772 2686 Christiana,
793 2657 824 2677 x¹
839 2673 847 2686 ‚
871 2645 973 2678 instr.
995 2644 1061 2678 col.
1088 2643 1163 2677 151.

152 2706 200 2747 (2)
216 2704 275 2737 On
291 2703 437 2736 eci-imit
452 2702 757 2737 jamma-eminent
776 2716 819 2737 au
840 2716 967 2748 moyen
987 2704 1051 2748 age
1067 2703 1220 2748 gradale
1233 2715 1278 2737 ou
1297 2705 1474 2749 graduale
1492 2724 1497 2737 .-
