1951 3194
629 229 782 268 Llssfflz
812 229 1067 278 QUARTUS.
1485 236 1562 272 207

147 318 219 356 tot
244 308 462 373 procellis
486 309 688 372 agitatus
712 321 806 366 est,
839 320 886 356 et
905 309 1132 373 luporum
1152 310 1375 356 dentibus
1400 322 1563 376 patens

145 387 284 433 variis
306 386 458 432 modis
483 385 784 433 horribiliter
808 386 1059 432 dilaniatus
1083 397 1168 434 est.

212 463 494 526 [596—755.]
527 462 765 509 Prolixam
794 462 1160 526 digressionem,
1191 464 1269 511 sed
1299 464 1390 511 nisi
1422 464 1565 512 fallor

144 557 242 586 non
266 540 485 587 inutilem
505 539 753 603 protelavi,
777 549 822 585 et
840 539 896 586 de
916 540 1082 604 priscis
1103 541 1350 588 annalibus
1369 543 1563 591 collecta

143 618 382 673 recensui,
403 628 456 662 ut
473 634 604 663 causa
617 615 864 662 manifeste
879 634 934 679 pa
943 626 1035 662 teat
1049 618 1261 665 studioso
1276 619 1461 678 lectori,
1479 638 1566 667 cur

142 695 321 759 Anglos
333 705 533 759 agrestes
546 704 591 741 et
602 710 721 757 pene
734 693 981 740 illiteratos
995 694 1267 741 invenerint
1278 697 1563 753 Normanni,

145 790 264 837 quos
278 773 393 820 olim
409 771 601 836 optimis
618 770 1001 818 institutionibus
1015 772 1215 819 solerter
1233 775 1565 823 instruxerunt

143 840 392 915 pontifices
417 849 639 896 Romani.
663 850 921 914 Gregorius
946 851 1073 897 enim
1096 862 1141 897 et
1162 852 1443 900 Bonefacius
1468 857 1562 902 exi—

145 928 265 973 mios
282 927 501 973 doctores
514 943 621 971 cum
637 924 771 971 libris
790 936 837 973 et
851 926 1075 973 omnibus
1089 928 1409 977 ecclesiasticis
1423 942 1565 978 uten-

144 1003 308 1051 silibus
326 1004 484 1068 Anglis
504 1004 760 1061 miserunt,
781 1021 833 1050 ac
851 1013 904 1049 ut
923 1005 1185 1052 carissimos
1207 1007 1328 1053 filios
1349 1008 1404 1054 ad
1422 1026 1565 1056 omne

145 1082 329 1131 bonum
353 1081 603 1129 educantes
627 1081 926 1129 erudierunt.
957 1082 1138 1130 Deinde
1157 1084 1419 1132 Vitalianus
1447 1105 1565 1152 papa

146 1172 360 1225 tempore
385 1160 511 1208 Osvii
545 1171 589 1207 et
620 1158 813 1225 Egberti
844 1178 1009 1224 regum
1041 1162 1408 1225 sapientissimos
1439 1167 1566 1212 viros

146 1237 453 1284 Theodorum
479 1235 886 1301 archiepiscopum
911 1248 956 1283 et
980 1237 1245 1285 Adrianum
1268 1238 1488 1288 abbatem
1517 1243 1563 1288 in

144 1315 363 1381 Angliam
399 1315 555 1371 misit‚·
600 1332 808 1379 quorum
843 1315 1012 1378 peritia
1050 1316 1302 1381 studioque
1340 1318 1566 1383 Anglicus

145 1393 297 1440 clerus
322 1403 418 1438 tam
446 1393 588 1438 latina
618 1410 759 1457 quam
785 1410 935 1456 graeca
968 1394 1238 1442 eruditione
1266 1396 1442 1443 affatim
1474 1398 1566 1443 im—

144 1471 289 1518 butus
303 1471 586 1518 mirabiliter
596 1471 674 1535 vig
682 1471 767 1517 uit.
784 1471 866 1516 His
879 1473 1094 1535 sequenti
1111 1483 1326 1536 tempore
1340 1474 1566 1522 florentes

144 1549 346 1596 Albinus
369 1547 510 1595 abbas
532 1558 579 1596 et
602 1548 844 1595 Aldelmus
868 1549 1042 1612 praesul
1066 1563 1415 1612 successerunt,
1445 1572 1565 1619 quon

143 1646 252 1674 rum
278 1627 469 1674 solertia
493 1637 540 1673 et
563 1626 730 1691 religi0
754 1626 931 1673 multos
956 1626 1254 1686 docuerunt,
1282 1630 1565 1696 scriptisque

144 1703 393 1751 laudabilia
412 1705 647 1750 virtutum
662 1721 853 1749 suarum
871 1705 1167 1752 monimenta
1188 1709 1454 1770 posteritati
1471 1712 1565 1757 esti-

142 1783 407 1847 giaverunt.
437 1782 532 1828 Hos
557 1797 721 1827 omnes
746 1791 792 1827 et
824 1781 984 1845 plures
1017 1782 1132 1829 alios
1162 1785 1406 1848 perspicax
1441 1787 1562 1834 Beda

143 1859 359 1907 laudibus
377 1859 566 1916 extulit,
584 1870 630 1905 et
650 1858 867 1923 indagine
881 1858 1149 1907 liberalium
1167 1862 1361 1920 artium,
1379 1881 1563 1911 rerum-

143 1953 235 2001 que
261 1947 547 1983 secretarum
570 1934 794 1998 perfectis
822 1936 1106 2000 aequiparari
1138 1936 1387 1985 laboravit.
1421 1941 1563 1987 Salu—

146 2011 341 2059 tiferum
384 2029 554 2077 panem
593 2012 777 2060 Veteris
820 2022 866 2058 et
906 2012 1027 2059 Novi
1073 2014 1362 2061 Testamenti
1403 2020 1564 2081 pueris

144 2089 369 2137 Ecclesiae
393 2087 697 2136 dilucidando
723 2088 982 2154 confregit,
1010 2089 1167 2137 abdita
1191 2093 1239 2138 in
1267 2094 1563 2158 explanatio-

145 2184 263 2212 num
293 2165 427 2211 libris
462 2165 565 2228 plus
597 2182 737 2229 quam
766 2182 827 2211 Lx
858 2168 1110 2225 reseravit,
1146 2179 1192 2215 et
1222 2170 1286 2215 sic
1312 2180 1407 2216 tam
1438 2176 1563 2237 apud

145 2262 254 2292 suos
291 2261 433 2308 quam
471 2241 593 2307 apud
632 2252 817 2289 exteros
857 2261 1113 2307 perennem
1155 2245 1243 2291 sibi
1284 2251 1563 2296 memoriam

146 2321 413 2386 promeruit
438 2322 456 2384 (
469 2322 530 2383 1).

191 2554 243 2598 (ι)
267 2552 338 2587 Sur
353 2550 403 2584 les
423 2549 599 2597 premiers
615 2547 759 2594 apotres
778 2547 823 2582 de
841 2548 1085 2594 l'Angleterre
1104 2552 1257 2596 envoyeis
1273 2563 1338 2597 par
1356 2553 1450 2587 saint
1467 2554 1563 2589 Gr&

150 2612 270 2658 goire,
291 2622 399 2655 voyvz
418 2607 612 2648 ‹zi-demus,
632 2618 659 2648 1,
682 2619 718 2652 p.
746 2604 823 2640 155.
844 2607 891 2640 La
912 2607 1062 2640 mission
1077 2607 1121 2641 de
1138 2608 1268 2642 Paulin
1289 2610 1375 2644 chez
1395 2611 1445 2645 les
1464 2613 1559 2647 Nor-

150 2671 341 2705 thumbres
354 2676 418 2704 eut
436 2669 509 2702 lieu
523 2679 569 2701 en
585 2664 672 2708 (525,
693 2672 729 2699 et
748 2665 827 2699 leur
845 2666 899 2699 roi
920 2665 1049 2700 Edwin
1068 2667 1124 2700 fut
1143 2667 1283 2714 baptise
1303 2681 1347 2703 en
1365 2670 1452 2719 6273
1475 2674 1562 2707 celle

150 2731 193 2766 de
218 2731 413 2766 Theodoro
432 2736 468 2763 et
495 2726 671 2762 d'Adrien
692 2738 735 2760 cn
757 2725 836 2760 668.
863 2725 974 2760 Albin
995 2726 1147 2761 succeda
1173 2730 1191 2762 a
1219 2729 1357 2764 Adrion
1382 2731 1471 2767 (laus
1498 2746 1562 2768 gom
