1951 3194
393 248 468 285 160
758 244 1000 282 HISTORIA
1034 242 1435 282 ECCLESIASTICA.

391 327 509 373 uicis
538 325 737 371 inseruit
770 324 874 387 (1);
913 323 960 368 in
1007 321 1179 387 quibus
1215 324 1361 370 multa
1399 324 1457 372 de
1490 325 1711 372 Romanis
1759 332 1805 371 et

389 404 582 451 Francis
601 412 648 449 et
668 400 960 457 Alamannis,
983 400 1178 466 aliisque
1196 400 1434 466 gentihus,
1462 419 1568 467 quae
1591 402 1803 467 agnovit,

391 483 574 529 utiliter
592 492 640 528 et
664 479 999 544 compendiose
1023 479 1298 526 narratione
1322 478 1462 544 digna
1485 480 1724 526 reseravit.
1753 481 1808 525 ln

394 560 465 606 his
516 559 682 622 utique
719 556 958 604 chronicis
995 557 1308 604 continentur
1349 574 1513 604 omnes
1543 557 1723 621 judices
1764 568 1811 603 et

394 655 552 702 reges,
587 635 933 700 pontificesque
967 634 1281 682 Hebraeorum
1315 653 1338 680 a
1371 639 1535 699 Moyse
1569 651 1718 699 usque
1754 635 1811 681 ad

395 713 753 761 subversionem
776 712 1189 777 Jerosolymorum
1203 747 1217 770 ‚
1244 712 1359 758 dum
1383 709 1471 758 sub
1495 711 1608 759 Tito
1632 722 1678 758 et.
1700 710 1814 759 Ves-

395 794 588 858 pasiano
618 809 709 856 pro
742 808 858 838 nece
891 790 1145 838 Salvatoris
1181 800 1229 836 et
1265 801 1533 855 martyrum
1565 792 1661 855 ejus
1690 792 1815 854 juste

397 873 693 920 destructum
718 880 786 917 est
808 887 1010 934 regnum
1033 869 1328 916 Judaeorum.
1361 869 1535 916 Omnes
1561 868 1626 915 ibi
1659 868 1817 915 nomi-

398 961 579 998 nantur
602 949 817 997 consules
839 958 886 995 et
906 947 1186 1005 dictatores,
1215 949 1523 1012 imperatores
1548 959 1594 996 et
1617 946 1820 1012 pontifi-

400 1048 472 1078 ces
516 1031 874 1084 Romanorum3
921 1044 1086 1074 omnes
1128 1044 1320 1092 quoque
1357 1044 1512 1091 reges,
1552 1027 1632 1091 qui
1669 1042 1818 1090 regno

403 1108 587 1173 Angliae
613 1105 940 1170 praefuerunt,
967 1121 1023 1150 ex
1048 1122 1146 1169 quo
1170 1105 1368 1169 Hengist
1391 1115 1437 1151 et
1461 1105 1610 1151 Horsa
1628 1103 1822 1150 Worti-

403 1203 553 1252 gerno
588 1185 686 1249 regi
724 1183 984 1229 Britanniae
1020 1181 1237 1229 scandalo
1269 1181 1550 1229 Guallorum
1586 1181 1822 1228 militave—

404 1274 539 1311 runt.
566 1262 648 1308 His
673 1261 815 1308 etiam
839 1260 1045 1324 episcopi
1074 1259 1312 1306 chronicis
1336 1259 1548 1305 annotati
1575 1269 1712 1314 sunt,
1740 1258 1821 1321 qui

405 1343 617 1408 regimen
643 1339 1009 1388 ecclesiasticum
1047 1340 1093 1385 in
1120 1338 1289 1404 Anglia
1325 1347 1609 1395 tenuerunt,
1642 1355 1696 1384 ex
1726 1353 1824 1400 quo

406 1420 665 1487 Gregorius
709 1437 825 1483 papa
862 1418 1184 1483 Augustinum
1221 1428 1268 1464 et
1303 1417 1571 1473 Melfflum,
1617 1415 1825 1479 aliosque

408 1498 742 1564 praedicatores
777 1495 909 1542 verbi
945 1496 1029 1542 Dei
1067 1496 1115 1540 in
1148 1494 1367 1559 Angliam
1397 1494 1554 1550 misit;
1592 1510 1675 1558 per
1706 1508 1825 1556 quos

407 1579 533 1625 Deus
557 1575 871 1623 Adelbertum
904 1592 1064 1636 regem
1093 1574 1274 1619 Cantiae
1311 1584 1357 1620 et
1392 1572 1636 1619 Eduinum
1669 1587 1828 1635 regem

409 1651 956 1718 Nordanhymbrorum,
984 1651 1195 1716 aliosque
1218 1651 1456 1715 principes
1483 1648 1686 1714 ejusdem
1710 1665 1829 1713 gen-

412 1732 470 1778 tis
491 1730 545 1777 ad
567 1730 706 1777 fidem
726 1729 935 1775 veritatis
956 1728 1195 1792 perduxit.
1218 1730 1287 1774 Ex
1309 1727 1377 1773 his
1396 1726 1634 1790 opusculis
1653 1724 1831 1789 Engel-

414 1810 603 1867 bertus,
644 1805 996 1854 Gemblacensis
1035 1804 1321 1863 monachus,
1357 1803 1574 1869 quaedam
1608 1802 1831 1868 praeclara

414 1887 672 1950 decerpsit,
703 1895 749 1931 et
780 1884 927 1929 multa
961 1882 1017 1930 de
1044 1882 1141 1941 his,
1173 1900 1282 1946 quae
1316 1881 1372 1928 de
1398 1881 1623 1928 insulanis
1659 1880 1830 1926 Oceani

416 1966 588 2028 scripta
607 1971 760 2017 erant,
784 1962 832 2006 in
851 1960 1024 2007 eisdem
1043 1959 1281 2007 chronicis
1303 1959 1501 2015 dimisit,
1523 1968 1570 2005 et
1590 1957 1833 2004 nihilomi-

419 2061 506 2089 nus
533 2042 589 2088 de
613 2040 782 2087 Gothis
817 2050 864 2085 et
901 2040 1052 2085 Hunis
1090 2057 1142 2084 ac
1173 2039 1352 2095 Persis,
1393 2038 1587 2101 aliisque
1622 2034 1834 2082 barbaris

418 2117 638 2184 gentibus
675 2115 823 2161 multa
864 2114 1048 2177 adjecit.
1088 2116 1177 2177 (2).
1219 2116 1331 2160 Haec
1371 2113 1474 2160 ideo
1511 2112 1619 2158 huic
1659 2111 1832 2157 chartae

469 2342 517 2385 (1)
545 2338 693 2373 Florem
709 2335 753 2369 de
770 2335 992 2376 Vfforccstcr,
1013 2341 1048 2367 et
1066 2346 1137 2367 non
1154 2345 1214 2379 pas
1232 2334 1332 2375 Jean,
1354 2345 1371 2365 a
1391 2332 1562 2366 continue
1576 2331 1608 2365 la
1621 2331 1836 2377 Chroniquc

423 2402 467 2436 (lc
489 2412 553 2434 son
577 2396 780 2438 devancier,
809 2406 881 2428 non
901 2406 961 2439 pas
988 2392 1147 2439 pendant.
1171 2393 1252 2439 pres
1271 2392 1357 2426 d'un
1384 2391 1507 2433 siecle,
1534 2391 1623 2425 mais
1641 2390 1685 2425 de
1713 2388 1798 2425 1083
1818 2393 1836 2423 ἐι

429 2471 528 2507 1117,
546 2470 590 2491 en
609 2469 631 2502 y
649 2455 812 2501 ajoutant
829 2452 1019 2497 beaucoup
1038 2451 1081 2484 dc
1100 2451 1180 2485 faits
1196 2450 1330 2485 1·0latiss
1344 2452 1362 2484 ἐι
1377 2450 1555 2484 Phistoire
1569 2447 1833 2495 d'AngIeterrv.

425 2521 529 2554 Cette
542 2516 770 2562 Chronique,
786 2512 967 2547 romanice
979 2518 1014 2547 et
1027 2512 1221 2545 continuee
1232 2524 1296 2557 par
1308 2510 1357 2544 lui
1369 2538 1377 2549 ,
1394 2523 1412 2543 a
1424 2511 1480 2544 ete
1493 2508 1637 2556 publiee
1648 2509 1666 2541 ὲ
1678 2506 1838 2541 Londrcs

425 2592 470 2613 on
493 2577 596 2624 1:392,
617 2582 653 2609 et
678 2577 697 2608 ἐι
718 2572 909 2608 Francsort
933 2584 977 2606 en
1003 2570 1100 2613 1601,
1122 2582 1204 2604 sous
1220 2570 1252 2604 le
1271 2570 1356 2604 titre
1374 2570 1514 2603 suivant
1536 2583 1542 2600 ε
1569 2566 1771 2600 chronicon
1791 2578 1837 2599 cr

427 2637 622 2677 durmin-is,
645 2634 691 2667 al)
712 2634 813 2667 initio
833 2630 963 2665 mundi
979 2642 1092 2677 usque
1111 2629 1162 2664 ad
1180 2642 1318 2664 annum
1332 2640 1366 2663 Μ.
1386 2640 1415 2661 c.
1437 2639 1518 2661 xvu.
1534 2624 1744 2659 deductum.

472 2697 521 2738 (2)
548 2693 716 2739 Sigebert
734 2692 778 2726 de
797 2691 1038 2733 Gexnblours,
1059 2692 1104 2724 ne
1124 2702 1201 2724 vers
1226 2688 1331 2731 1050,
1355 2694 1450 2722 mort
1474 2686 1506 2720 le
1523 2684 1544 2719 5
1564 2684 1711 2719 octobre
1736 2696 1835 2725 1112,

431 2766 616 2799 cnunposa,
640 2759 742 2785 vnn-c
763 2758 884 2784 autres
906 2762 1080 2795 ouvrages
1101 2766 1105 2782 z
1135 2750 1336 2782 Clu-maban
1356 2747 1402 2781 ab
1420 2758 1517 2779 anuo
1535 2743 1613 2779 581,
1636 2758 1704 2789 (μω
1724 2744 1839 2776 Eme-
