1951 3194
325 200 375 238 4ss
686 200 926 238 HISTORIA
956 198 1353 238 ECCLESIASTICA.
1454 200 1721 250 [1050-1057]

326 289 562 335 cerneret,
588 289 634 325 et
657 290 832 325 aeterna
858 288 1053 342 propter
1076 279 1314 341 apostasiae
1339 287 1521 325 reatum
1545 279 1726 343 suppli-

328 358 394 403 cia
424 367 681 413 metueret,
708 355 864 402 abbati
893 355 1149 412 Mainerio,
1178 356 1259 420 qui
1283 366 1389 419 post
1411 356 1727 404 venerabilem

329 434 642 481 Teodericum
677 442 871 496 quartus
903 431 1025 477 idem
1051 433 1173 479 rexit
1209 431 1514 490 coenobium,
1547 433 1729 497 suppli-

329 513 452 557 cavit
492 522 544 557 ut
583 510 798 556 habitum
839 509 886 554 S.
921 508 1191 566 Benedicti,
1228 527 1370 574 quem
1401 510 1599 573 peccatis
1638 510 1730 556 suis

329 588 608 636 facientibus
627 587 904 652 reliquerat,
927 586 1015 632 sibi
1038 588 1269 635 redderet.
1295 588 1447 647 Quem
1469 605 1576 633 cum
1594 588 1731 651 adep·

332 678 407 712 tus
431 667 612 723 fuisset,
638 664 790 711 tribus
815 663 1185 711 hebdomadibus
1209 665 1468 730 supervixit
1489 675 1536 713 et
1560 665 1734 712 ibidem

331 744 477 789 vitam
503 742 676 788 finivit.
713 741 967 788 Infirmitas
997 742 1124 788 enim
1157 743 1280 788 illius
1313 752 1407 788 tam
1432 743 1584 807 gravis
1610 750 1732 798 erat,

333 837 440 884 quae
462 819 614 865 officio
637 817 823 864 mulieri
850 835 1007 864 carere
1030 835 1127 864 non
1149 829 1356 882 poterat3
1387 819 1584 883 ideoque
1605 817 1737 864 vivus

333 895 507 942 deferri
535 894 751 959 nequivit
778 892 834 938 ad
861 894 1202 940 monasterium
1226 893 1350 940 unde
1375 894 1661 941 discesserat.

399 973 453 1017 In
471 970 634 1017 diebus
648 970 888 1017 Willermi
910 970 1038 1015 ducis
1055 970 1362 1017 Normanniae
1382 972 1462 1017 Ivo
1481 970 1603 1017 filius
1617 969 1740 1017 Wil-

337 1050 472 1096 lermi
499 1049 803 1096 Belesmensis
827 1047 1094 1111 Sagiensem
1117 1049 1437 1111 episcopatum
1459 1047 1672 1112 regebat,
1694 1056 1743 1093 et

338 1125 638 1173 haereditario
652 1127 759 1188 jure
775 1142 829 1170 ex
845 1134 1038 1186 paterna
1057 1125 1346 1170 successione
1360 1160 1373 1180 ,
1399 1124 1625 1170 fratribus
1649 1124 1742 1169 suis

338 1203 544 1249 Warino
575 1212 622 1248 et
654 1200 899 1247 Rodberto
936 1211 1076 1264 atque
1098 1200 1355 1247 VVillermo
1387 1199 1739 1256 deficientibus,

338 1279 631 1325 Belesmense
659 1276 889 1340 oppidum
912 1274 1177 1338 possidebat
1202 1276 1295 1339 (1).
1323 1276 1410 1321 Hic
1432 1286 1531 1322 erat
1559 1276 1745 1323 littera-

339 1374 448 1402 rum
480 1355 658 1419 peritus
689 1365 736 1401 et
766 1370 965 1417 corpore
992 1353 1218 1412 decorus,
1247 1371 1379 1418 sagax
1411 1364 1457 1400 et
1487 1353 1742 1410 facundus,

340 1434 543 1489 facetus,
570 1433 871 1496 multumque
889 1434 1094 1494 jocosuS.
1122 1432 1326 1478 Clericos
1350 1442 1396 1478 et
1414 1431 1671 1478 monachos
1694 1441 1748 1477 ut

342 1522 475 1576 pater
492 1511 614 1557 filios
630 1508 813 1555 amabat
825 1544 839 1566 ‚
859 1518 904 1555 et
923 1509 1047 1555 inter
1062 1511 1328 1573 praecipuos
1342 1510 1515 1556 amicos
1530 1509 1746 1556 abbatem

345 1587 660 1635 Teodericum
679 1584 1010 1633 venerabiliter
1030 1585 1228 1633 colebat.
1251 1587 1383 1650 Saepe
1404 1585 1749 1633 conveniebant

344 1666 400 1711 ad
425 1665 602 1728 privata
631 1663 884 1728 colloquia.
918 1663 1037 1709 Nam
1063 1664 1306 1728 Sagiorum
1331 1662 1443 1709 urbs
1467 1674 1646 1727 septem
1668 1680 1748 1710 so-

346 1740 591 1787 lummodo
620 1740 765 1804 leugis
788 1739 929 1785 distat
958 1739 1016 1785 ab
1040 1740 1250 1787 Uticensi
1279 1739 1462 1786 abbatia
1489 1740 1581 1803 (2).
1616 1744 1749 1785 Prae-

346 1820 428 1865 sati
466 1818 678 1882 praesulis
715 1829 906 1881 neptem
936 1819 1130 1864 nomine
1161 1817 1402 1863 Mabiliam
1433 1818 1662 1881 Rogerius
1694 1817 1750 1863 dc

346 1896 772 1943 Monte—Comerici
793 1896 1115 1942 Oximensium
1134 1896 1392 1942 vicecomes
1412 1896 1458 1940 in
1479 1895 1751 1959 conjugium

348 1972 574 2029 habebat3
602 1991 687 2036 per
707 1990 849 2038 quam
868 1991 1085 2037 magnam
1107 1983 1289 2036 partem
1308 1973 1607 2036 possessionis
1624 1972 1752 2018 wil--

349 2052 485 2097 lermi
509 2051 813 2097 Belesmensis
837 2049 1125 2096 obtinuerat.
1156 2050 1246 2108 Qui
1272 2050 1484 2113 praedicti
1515 2047 1753 2113 pontificis

351 2129 580 2175 instinctu
600 2139 646 2175 et
664 2129 863 2175 consilio
883 2129 1121 2175 ecclesiam
1142 2130 1189 2174 S.
1210 2129 1403 2174 Martini
1423 2127 1545 2191 apud
1563 2126 1752 2190 Sagium

351 2204 612 2251 Teoderico
635 2203 792 2249 abbati
817 2205 864 2249 S.
895 2203 1081 2250 Ebrulfi
1106 2204 1321 2260 tradidit,
1346 2220 1545 2267 eumque
1572 2213 1625 2248 ut
1656 2200 1750 2246 ibi—

350 2283 457 2328 dem
487 2281 765 2327 coenobium
790 2281 1056 2328 monachile
1080 2291 1391 2337 construeret,
1420 2298 1525 2326 cum
1552 2281 1750 2343 conjuge

351 2378 429 2405 sua
467 2376 764 2422 summopere
799 2360 997 2423 rogavit.
1039 2363 1105 2406 At
1138 2360 1215 2406 ille
1245 2359 1367 2405 haud
1396 2359 1599 2424 segniter
1632 2359 1749 2404 assi-

399 2572 447 2614 (1)
467 2572 541 2604 ires
560 2571 605 2604 dc
619 2569 794 2614 Bellemc,
815 2570 949 2617 eveque
968 2569 1012 2604 dc
1031 2570 1115 2604 Seez
1136 2568 1264 2615 depuis
1286 2566 1371 2602 1055
1385 2567 1528 2614 jusqu’a
1547 2577 1644 2613 ¹⁰70·

400 2630 449 2672 (2)
470 2631 533 2662 Les
552 2630 663 2663 lienes
679 2629 768 2663 dont
787 2630 884 2676 parlc
902 2630 947 2663 ici
967 2636 1072 2663 notre
1088 2636 1218 2663 auteur
1233 2640 1322 2662 nous
1340 2627 1535 2674 paraisscnt
1553 2624 1628 2656 eti-e
1647 2621 1747 2654 ‹l'cn-

355 2688 454 2720 wiron
475 2700 562 2720 ἠοω
583 2689 700 2721 toiscs.
