1951 3194
134 281 273 328 [1058]
629 277 782 315 LIBER
811 276 1042 314 TER'sms.
1484 281 1532 318 57

130 357 270 401 minis
294 355 376 401 Dei
397 354 629 409 accersiit,
654 372 855 419 eumque
877 373 966 418 pro
988 355 1090 402 viro
1115 356 1198 401 Dei
1220 356 1268 401 in
1293 355 1534 402 ecclesiam

129 433 273 478 misit.
301 431 383 479 Ille
410 448 520 479 vero
551 441 605 478 ut
630 449 816 478 servum
850 431 933 478 Dei
966 431 1246 479 defunctum
1271 432 1320 478 in
1344 432 1534 479 ecclesia

130 510 337 567 invenit,
380 510 572 556 territus
606 509 662 555 ad
701 509 976 556 Antistitem
1013 511 1178 568 rediit,
1217 521 1534 576 eventumque

130 589 419 652 insperatum
442 588 668 634 tremulus
687 587 870 633 retulit.
895 588 984 634 Sed
1007 589 1252 653 episcopus
1270 590 1426 636 virum
1447 591 1532 637 Dei

129 676 224 711 tam
245 664 402 712 subito
424 666 642 729 migrasse
665 681 765 710 non
784 663 976 710 credens
988 700 1001 721 ‚
1024 666 1088 710 ait
1116 685 1125 710 :
1160 667 1331 712 Tcedio
1354 669 1530 723 maris,

127 745 365 807 nimioque
382 754 499 788 cesta
521 742 670 788 bonus
689 743 844 788 senior
857 741 1006 788 valde
1009 743 1263 806 fatigatas
1281 756 1374 801 est;
1395 745 1534 791 ideo-

127 839 218 884 que
235 823 422 866 nuncin
436 819 680 883 refrigerio
695 820 908 865 ecclesiae
924 820 1314 885 saper'jrigidam
1330 839 1537 868 marmot·

125 899 263 944 saiwi
282 914 453 962 sopore
473 896 690 942 detentus
714 908 797 943 est.
825 898 1012 942 Eamus
1033 915 1162 943 nunc
1186 915 1293 943 eum
1320 900 1530 944 visitare.

125 974 301 1020 Praesul
326 976 482 1040 itaque
501 992 610 1020 cum
633 974 812 1020 clericis
834 974 925 1020 suis
951 975 999 1019 in
1020 974 1260 1021 ecclesiam
1285 975 1529 1038 processit.

126 1051 215 1110 Qui
257 1060 310 1096 ut
351 1068 621 1114 comparem
656 1068 792 1096 suum
825 1050 1075 1114 diligenter
1112 1052 1292 1116 tetigit,
1331 1069 1533 1117 eumque

124 1138 278 1175 morte
295 1128 500 1192 gelidum
520 1128 719 1192 reperit,
740 1139 932 1191 stupens
950 1128 1212 1174 condoluit.
1236 1130 1347 1175 Mox
1367 1146 1532 1175 omnes

124 1207 416 1270 peregrinos,
438 1207 519 1270 qui
533 1209 631 1269 jam
650 1224 735 1269 per
755 1206 931 1252 diversa
955 1205 1154 1269 hospitia
1174 1206 1405 1270 prandere
1425 1224 1534 1270 pro-

126 1281 377 1338 curabant,
407 1282 455 1327 in
480 1282 667 1328 ecclesia
695 1282 967 1345 congregari
993 1283 1244 1345 praecepit,
1274 1281 1533 1346 indigenis-

126 1376 216 1422 que
234 1359 357 1404 illius
374 1359 465 1405 loci
485 1359 630 1404 vitam
646 1358 859 1405 defuncti
878 1359 1114 1423 peregrini
1131 1359 1333 1406 fideliter
1345 1359 1528 1405 retulit.

125 1435 195 1480 Illi
221 1453 334 1482 vero
354 1446 594 1499 comperta
616 1439 711 1498 ejus
735 1436 989 1499 religione,
1013 1437 1154 1499 gavisi
1175 1447 1312 1495 sunt,
1334 1446 1380 1483 et
1401 1436 1533 1484 obse-

123 1512 231 1576 quia
268 1531 346 1558 sua
381 1514 705 1578 impensasque
744 1513 926 1560 caeteris
965 1514 1224 1577 peregrinis
1260 1512 1531 1579 benigniter

122 1588 419 1636 obtulerunt.
462 1590 639 1636 Deinde
680 1589 853 1654 praesul
896 1589 1124 1638 defuncto
1163 1591 1380 1655 exequias
1421 1609 1529 1638 cum

123 1666 300 1712 clericis
332 1667 425 1712 suis
455 1666 709 1730 persolvit,
747 1667 882 1732 eique
911 1667 1199 1731 sepulturam
1230 1679 1339 1715 ante
1369 1679 1530 1732 portas

122 1744 325 1791 ecclesiae
359 1763 381 1789 a
414 1745 608 1809 reliquis
642 1746 901 1810 peregrinis
935 1745 1035 1792 fieri
1067 1746 1221 1810 jussit.
1261 1746 1334 1793 Illi
1372 1758 1528 1794 autem

123 1819 298 1866 baculis
318 1821 411 1867 suis
436 1820 515 1867 ubi
540 1821 757 1886 pontifex
781 1833 1069 1886 praeceperat
1089 1823 1261 1870 fossam
1284 1823 1525 1881 fecerunt,

123 1898 178 1944 ad
208 1898 419 1944 defuncti
454 1899 640 1961 glebam
677 1910 908 1963 praesente
947 1900 1175 1946 Antistite
1206 1912 1526 1959 accesserunt,

124 1985 170 2018 et
206 1974 388 2021 deferre
417 1975 473 2020 ad
504 1975 834 2021 tumulandum
865 1975 1138 2022 voluerunt.
1176 1976 1265 2022 Sed
1298 1987 1416 2022 nutu
1444 1979 1527 2025 Dei

128 2051 186 2095 ita
212 2068 382 2115 corpus
402 2062 702 2116 aggravatum
724 2064 819 2111 est,
844 2063 898 2098 ut
918 2072 941 2099 a
964 2052 1070 2099 loco
1093 2053 1396 2101 dormitionis
1416 2055 1530 2101 nul-

126 2128 307 2174 latenus
322 2129 501 2175 moveri
523 2130 767 2192 potuisset.
787 2129 926 2190 Quod
945 2148 1141 2177 cernens
1158 2131 1401 2196 episcopus
1420 2150 1530 2179 cum

125 2203 347 2251 omnibus
370 2206 448 2270 qui
489 2205 704 2263 aderant,
731 2207 861 2254 valde
897 2208 1095 2254 miratus
1125 2219 1218 2264 est3
1247 2209 1528 2274 diutinoque

125 2298 232 2326 cum
258 2282 394 2327 sociis
425 2283 725 2346 stupentibus
750 2283 865 2348 quid
894 2295 1085 2349 agerent
1118 2295 1319 2332 tractatu
1348 2286 1529 2349 potitus

125 2368 209 2402 est.
247 2358 458 2405 Tandem
482 2359 638 2406 divina
678 2362 871 2408 edoctus
898 2363 1207 2427 inspiratione
1232 2363 1352 2409 dixit
1389 2383 1399 2409 ε
1440 2365 1532 2410 Vir

126 2435 212 2479 iste
234 2451 426 2498 magnce
447 2439 716 2484 sanctitatis
731 2437 864 2503 ficit,
897 2451 940 2485 et
967 2441 1070 2485 vita
1095 2441 1200 2504 ejus
1226 2451 1275 2485 ut
1303 2458 1431 2486 nunc
1455 2440 1525 2485 Ζιι-

124 2513 229 2558 cide
243 2511 579 2576 manifestatur·
588 2516 693 2562 Deo
703 2516 906 2581 placuit.
929 2517 1083 2574 Unde,
1107 2528 1156 2562 ut
1175 2534 1296 2574 reor,
1319 2517 1530 2581 digniori

125 2590 229 2637 loco
265 2590 401 2637 debet
431 2592 644 2656 sepeliri,
685 2605 728 2639 et
757 2612 786 2639 α
817 2595 953 2640 nobis
989 2594 1237 2640 celebriori
1271 2596 1526 2642 reverentia

119 2685 209 2730 pro
233 2685 377 2732 posse
411 2680 568 2715 nostro
594 2669 729 2716 debet
759 2671 936 2717 amodo
971 2673 1182 2717 tractari.
1210 2671 1354 2719 Nunc
1385 2675 1529 2738 igitur

125 2761 209 2803 ego
229 2763 333 2791 cum
354 2746 537 2793 clericis
556 2749 727 2793 nostris
740 2766 835 2813 pro
855 2749 1018 2795 anima
1040 2750 1143 2812 ejus
1163 2749 1336 2798 divina?
1356 2752 1529 2816 majes-
