1951 3194
278 261 356 300 124
638 263 883 304 HISTORIA
913 263 1318 305 ECCLESIASTICA.
1550 271 1692 320 [1066]

274 358 356 388 mo
379 339 487 387 duci
512 341 713 400 fecerat,
739 342 978 407 complere
997 360 1097 390 non
1118 355 1299 406 posset,
1326 355 1504 393 mutata
1529 347 1693 394 inten-

272 420 406 467 tione
424 421 491 466 ait
514 441 524 466 ε
551 421 588 466 S
592 420 908 467 ublitnz'tatem
926 432 1154 479 vestrum,
1176 423 1430 488 mugnfiee
1445 442 1552 483 rex,
1572 443 1692 490 sup-—

262 497 388 563 plez*
414 497 555 555 adeo,
577 509 620 543 et
639 515 713 544 me
730 499 1060 564 servitiumque
1082 517 1239 545 meum
1256 501 1505 565 majestati
1523 513 1694 549 vestrce

254 573 639 638 fidelz'teroffiro
653 610 666 631 ‚
695 585 745 621 ut
760 576 951 641 possim
975 578 1156 622 restitui
1171 594 1264 640 per
1285 588 1496 623 vestrum
1518 579 1695 643 suffra-

266 652 406 715 gium
424 651 598 699 honori
620 669 688 698 ese
698 664 907 718 paterna
929 654 1226 700 successione
1247 653 1417 700 debito.
1441 655 1573 703 Num
1598 655 1656 701 H
1652 673 1694 700 e-

269 727 440 774 raldus
447 727 616 793 frater
641 747 793 788 meus,
827 731 910 795 qui
923 731 1039 795 jure
1078 729 1218 787 mihi,
1259 741 1420 795 utpote
1441 732 1696 797 primoge-

270 806 372 852 nito
388 843 405 863 ,
433 805 672 853 debuisset
691 825 893 873 parere,
909 807 1256 868 fraudulenter
1285 809 1547 854 insurrexit
1577 826 1695 855 eon—

269 894 343 931 tra
368 901 457 942 me,
479 896 523 931 et
544 903 741 950 regnum
761 887 962 951 Anglioe
981 887 1216 952 perjuriis
1224 888 1538 952 praesumpsit
1555 905 1696 933 usur-

262 979 404 1027 pare.
439 963 577 1010 Unde
600 963 633 1011 ὰ
653 964 786 1011 vobis
798 1002 815 1022 ,
849 983 967 1030 quos
990 966 1171 1011 viribus
1200 976 1244 1011 et
1269 970 1442 1022 armis,
1474 966 1696 1030 omnique

267 1040 504 1104 probitate
527 1043 782 1108 praecipue
810 1044 971 1106 »vigere
1006 1060 1273 1107 eognosm,
1306 1043 1505 1090 viriliter
1539 1043 1694 1109 adju-

270 1119 396 1174 vari,
420 1129 581 1184 utpote
595 1118 733 1166 lzomo
759 1130 938 1178 vester,
958 1137 1192 1184 exposco.
1211 1121 1697 1186 Proterviumperfidz'

253 1194 439 1256 fratris
455 1195 573 1241 bello
591 1196 843 1260 proterite,
865 1196 1165 1242 medietatem
1190 1197 1389 1260 Angliae
1415 1197 1548 1244 vobis
1575 1199 1695 1244 reti—

270 1281 378 1317 nete
389 1310 406 1330 2
432 1272 676 1337 aliamque
700 1273 842 1331 mihi,
865 1275 951 1338 qui
969 1273 1099 1320 vobis
1119 1274 1232 1320 inde
1233 1273 1452 1339 fideliter
1473 1277 1689 1330 serviam,

271 1348 388 1395 dum
414 1349 674 1407 advixero,
700 1352 910 1398 retinete.
939 1351 1022 1396 His
1044 1350 1237 1408 auditis,
1264 1350 1424 1397 avidus
1454 1368 1538 1398 rex
1562 1350 1696 1398 valde

271 1427 455 1490 gavisus
480 1437 564 1474 est.
590 1428 769 1475 Deinde
786 1428 927 1492 jussit
950 1428 1213 1475 exercitum
1234 1428 1503 1493 aggregari,
1527 1427 1694 1475 bellica

273 1505 592 1553 instrumenta
628 1507 910 1571 praeparari,
955 1516 1002 1553 et
1037 1507 1215 1570 regiam
1259 1506 1450 1553 classem
1490 1524 1576 1570 per
1616 1524 1695 1553 sex

272 1599 455 1630 menses
475 1583 791 1647 diligenterin
812 1583 1037 1630 omnibus
1061 1584 1230 1648 aptari.
1257 1584 1501 1630 Erroneus
1518 1584 1625 1630 exul
1638 1584 1697 1630 ad.

272 1670 462 1707 tantum
503 1662 718 1710 laborem
759 1673 1022 1726 tyrannum
1061 1662 1258 1720 excivit,
1292 1678 1493 1726 eumque
1529 1661 1693 1708 callida

272 1739 660 1803 tergiversatione
686 1739 845 1786 taliter
868 1739 1020 1786 illexit
1035 1775 1048 1796 ‚
1075 1756 1138 1785 ne
1163 1737 1221 1784 ab
1241 1755 1296 1786 eo
1320 1738 1450 1804 quasi
1477 1737 1692 1803 explora-

273 1826 351 1863 tor
370 1817 503 1882 regni
529 1818 599 1863 sui
623 1828 894 1882 caperetur,
917 1817 995 1864 sed
1016 1827 1068 1862 ut
1097 1834 1183 1880 per
1216 1834 1325 1863 eum
1350 1815 1693 1881 quoquomodo

271 1893 494 1957 injuriam
526 1895 815 1959 expulsionis
847 1912 943 1941 suae
970 1894 1027 1941 de
1054 1893 1273 1941 malefido
1310 1893 1456 1940 fratre
1503 1893 1691 1941 ulcisce-

271 1982 421 2019 retur.

333 2048 658 2097 Nihilominus
681 2051 1075 2098 Normannorum
1097 2050 1310 2098 marchio
1337 2048 1530 2114 parabat
1561 2067 1692 2096 suam

272 2128 649 2192 profectionem,
681 2131 863 2177 nescius
888 2130 1142 2177 infortunii
1176 2129 1305 2195 quod
1328 2144 1692 2192 praeoccupave—

271 2217 345 2252 rat
382 2225 520 2253 suum
561 2226 931 2272 praecursorem,
977 2220 1024 2255 et
1061 2219 1190 2255 extra
1227 2218 1458 2254 statutum
1500 2223 1692 2252 cursum

269 2284 411 2350 longe
430 2287 707 2350 propulerat
729 2287 786 2333 ad
803 2287 1206 2351 Septentrionem.
1241 2287 1294 2331 In
1322 2283 1539 2331 Neustria
1565 2284 1692 2329 mul-

272 2373 333 2410 tae
358 2381 498 2411 naves
522 2382 630 2410 eum
651 2365 933 2411 utensilibus
957 2365 1050 2411 suis
1074 2364 1325 2429 diligenter
1351 2372 1526 2426 paratae
1550 2371 1687 2417 sunt;

270 2440 446 2505 quibus
468 2441 754 2489 fabricandis
783 2443 941 2489 cleriei
965 2453 1013 2489 et
1034 2442 1139 2488 laici
1164 2441 1329 2488 studiis
1352 2452 1398 2488 et
1425 2438 1690 2504 sumptibus

271 2518 493 2566 adhibitis
525 2521 703 2585 pariter
743 2521 1052 2568 intenderunt
1094 2521 1184 2584 (1).
1226 2520 1485 2567 Exactione
1515 2517 1689 2582 princi·

320 2710 370 2754 (ι)
396 2711 496 2746 Nous
520 2725 644 2748 savons
667 2727 732 2761 par
746 2715 959 2751 Guillaume
978 2715 1024 2750 de
1041 2715 1197 2749 Poiticrs
1211 2726 1282 2761 que
1305 2725 1344 2747 ce
1369 2713 1425 2746 sut
1443 2710 1488 2743 dc
1507 2709 1594 2743 Dive
1614 2721 1685 2756 que

277 2769 386 2813 partit
413 2769 442 2802 la
464 2770 565 2805 [lone
586 2772 634 2806 du
661 2773 732 2808 duc
756 2787 849 2819 pour
872 2788 906 2809 se
928 2774 1057 2809 rendre
1077 2776 1094 2808 ἐι
1119 2769 1639 2811 saint-Valm·i-sur-Smnme3
1660 2768 1684 2802 ss
