1951 3194
549 316 701 355 LIBER
730 315 968 364 QUINTUS.
1380 314 1455 350 3753

241 398 402 444 Namque
422 397 513 432 ‹lolis
531 398 673 432 comitis
688 396 828 431 Arnulst
845 402 969 429 nectus
990 395 1136 429 inermis

287 457 437 492 Corruit
449 485 457 500 ,
479 457 673 492 aethereum
692 456 804 502 possit
821 455 954 489 habere
972 454 1088 488 Deum
1104 454 1110 486 1
1132 453 1248 487 Amen
1261 452 1322 496 (ι).

120 576 260 625 Anno
276 579 538 624 Dominicae
557 577 893 623 incarnationis
911 583 964 623 Μο
985 585 1060 621 Lx⁰
1079 585 1167 632 111⁰,
1193 575 1357 621 indict.
1382 581 1453 629 11³,

55 655 469 718 metropolitanam
483 653 718 700 basilicam
741 655 787 699 in
806 654 923 700 urhe
944 653 1275 717 Rotomagensi
1291 655 1457 715 (quam

54 729 318 776 Roclbertus
345 729 607 792 inchoavit)
631 730 873 776 Maurilius
897 729 1270 792 archiepiscopus
1298 729 1343 773 in
1369 727 1458 773 ho-

54 823 172 854 nore
189 818 359 853 sanctae
379 807 462 854 Dei
481 807 721 872 genitricis
739 807 899 853 Mariae
921 824 1027 852 cum
1048 806 1227 870 ingenti
1248 804 1458 868 tripudio

54 901 213 930 mense
234 883 419 930 octobri
436 883 683 931 dedicavit.
703 886 790 931 Hic
817 902 967 931 annus
991 884 1182 931 Henrici
1210 880 1285 930 IVi
1312 883 1455 945 impe-

53 963 222 1008 ratoris
240 973 339 1008 erat
356 973 564 1020 octavus,
585 973 631 1010 et
648 962 853 1026 Philippi
872 963 954 1009 filii
970 962 1163 1009 Henrici
1181 961 1300 1025 regis
1315 961 1457 1005 Fran-

53 1055 219 1084 corum
243 1049 464 1103 quartus‚
493 1056 590 1103 quo
617 1057 745 1086 anno
775 1039 1082 1086 Cinomannis
1114 1036 1358 1101 subjugata
1390 1045 1458 1082 est

52 1113 338 1161 Normannis
371 1117 463 1179 (2).
496 1117 713 1163 Decimus
739 1134 933 1180 quoque
965 1125 1065 1163 erat
1095 1131 1246 1161 annus
1277 1131 1301 1159 a
1329 1112 1456 1159 hello

54 1191 382 1237 Mortuimaris
413 1203 459 1238 et
492 1193 715 1257 septimus
739 1192 946 1239 decimus
971 1210 994 1238 a
1020 1190 1145 1238 bello
1170 1188 1300 1254 quod
1327 1188 1459 1235 Guil-

55 1267 219 1313 lelmus
249 1279 295 1314 et
329 1269 485 1316 Guido
514 1269 728 1316 fecerunt
755 1269 1047 1317 Valesdunis.
1086 1268 1223 1313 Tunc
1257 1264 1457 1312 Michael

53 1343 313 1408 Diogenem
336 1346 559 1393 vitricum
587 1365 723 1393 suum
746 1347 802 1394 de
825 1346 1066 1411 Augustali
1093 1345 1271 1392 throno
1295 1342 1458 1407 praeci-

53 1421 250 1484 pitavit,
292 1432 339 1469 et
373 1433 610 1487 sceptrum
647 1423 1146 1486 Constantinopole05‚
1178 1420 1317 1485 paulo
1351 1428 1458 1482 post

54 1500 261 1562 turpiter
296 1500 569 1557 amissurus,
614 1502 797 1547 invasit.
832 1502 886 1546 In
924 1500 1090 1563 Anglia
1121 1508 1314 1545 mortuo
1351 1512 1458 1559 rege

53 1575 302 1633 Eduardo,
344 1595 513 1642 magna
553 1578 764 1625 turbatio
800 1578 921 1623 facta
961 1587 1051 1632 est,
1090 1576 1202 1621 dum
1241 1575 1457 1637 perjurus

54 1653 279 1700 Heraldus
306 1654 513 1701 Goduini
545 1655 691 1712 filius,
716 1656 796 1719 qui
826 1654 882 1701 de
910 1655 1033 1718 regia
1065 1653 1324 1717 propagine
1357 1668 1455 1697 non

54 1729 319 1792 prodierat,
339 1732 384 1776 vi
414 1741 460 1779 et
487 1731 650 1779 fraude
679 1749 879 1796 regnum
906 1741 1070 1778 nactus
1100 1740 1184 1777 est.

238 1858 344 1892 Anno
364 1859 511 1893 milleno
529 1871 704 1905 sexageno
723 1871 869 1906 quoque
890 1871 974 1893 seno

57 1984 387 1991 ,φή-ῃ
1160 1983 1450 1990 ————-

101 2073 151 2117 (ι)
177 2072 242 2107 Ces
260 2071 354 2106 deux
370 2072 577 2118 epitaphes‚
599 2073 662 2119 qui
680 2084 725 2106 ne
742 2071 943 2119 rappellent
967 2074 1078 2118 gnere
1097 2085 1168 2120 que
1191 2073 1242 2108 les
1265 2073 1456 2108 traditions

57 2132 313 2177 mensongeres
330 2130 381 2165 du
398 2143 527 2178 moyen
550 2132 614 2177 ¹‘ige
637 2142 697 2165 sur
720 2143 785 2165 nos
808 2130 900 2166 deux
917 2132 1094 2178 premiers
1116 2131 1217 2175 dues,
1239 2132 1339 2166 n’ont
1354 2132 1458 2179 point

57 2191 114 2224 e'te
142 2192 350 2226 transcrites
376 2191 566 2226 au-dessus
595 2191 656 2226 des
684 2203 871 2226 nouveaux
896 2192 1088 2226 tombeaux
1116 2192 1204 2226 dans
1234 2191 1389 2239 lesquels
1418 2192 1460 2225 ils

58 2248 180 2282 sui-ent
192 2249 385 2284 transferes
402 2251 504 2296 apres
522 2250 553 2283 la
572 2250 860 2284 reconstruction
880 2249 924 2283 de
942 2249 976 2284 13
994 2250 1217 2293 cathedrale,
1238 2258 1274 2285 et
1297 2252 1360 2297 qui
1379 2257 1461 2283 sont

58 2318 188 2340 encore
207 2305 325 2352 places
350 2307 425 2341 l’un
457 2320 501 2342 au
531 2307 636 2351 midi,
669 2307 797 2342 l'autre
820 2320 865 2341 au
891 2308 984 2342 nord
1010 2308 1054 2343 de
1075 2308 1108 2342 13
1137 2308 1272 2342 croisee
1297 2308 1341 2341 de
1367 2314 1460 2342 cette

59 2363 186 2409 eglise,
207 2364 295 2399 dans
313 2365 363 2400 les
381 2365 476 2400 deux
492 2366 688 2412 premieres
707 2365 886 2412 chapelles
904 2366 967 2401 des
986 2366 1167 2401 bas-cotes
1182 2366 1227 2400 de
1244 2366 1277 2400 13
1292 2366 1363 2400 nef.

107 2433 157 2474 (2)
182 2431 335 2465 L’annee
353 2430 439 2466 1063
456 2433 543 2467 etait
558 2444 602 2466 en
621 2433 703 2467 effet
718 2432 750 2466 la
769 2434 971 2479 quatrieme
986 2433 1031 2468 de
1048 2433 1218 2479 Philippe
1236 2433 1281 2466 Ier
1300 2433 1359 2479 (29
1375 2433 1460 2466 aofit

64 2488 184 2533 1060),
205 2496 240 2524 et
263 2489 295 2523 la
319 2490 496 2525 huitieme
519 2490 563 2525 (10
588 2491 803 2538 l’empereur
826 2492 940 2526 Henri
965 2492 1034 2527 IV.
1058 2492 1188 2526 C'e'tait
1214 2492 1307 2525 aussi
1325 2491 1356 2524 la
1381 2490 1459 2525 dix-

61 2548 232 2594 septieme
255 2550 358 2595 apres
387 2550 419 2584 la
443 2550 587 2586 bataille
606 2550 649 2585 de
669 2550 914 2594 Valesdunes,
945 2558 980 2586 et
1005 2551 1037 2585 la
1064 2551 1218 2586 dixieme
1236 2554 1254 2583 a
1276 2550 1391 2597 partir
1415 2550 1460 2584 dc

61 2606 148 2641 celle
163 2607 206 2641 de
227 2608 434 2642 Mon-temer.
456 2609 551 2643 Dans
565 2609 597 2644 le
615 2616 709 2643 texte
726 2610 895 2656 imprime
913 2609 957 2644 de
977 2610 1183 2653 Dudwsuc,
1205 2609 1236 2643 la
1255 2609 1383 2655 phrase
1404 2620 1462 2642 re—

71 2664 173 2700 lative
189 2669 207 2701 a
225 2679 281 2701 ces
300 2667 392 2701 deux
412 2667 572 2703 domim-s
590 2670 815 2703 evcnemrnts
843 2669 927 2703 etait
948 2671 1122 2716 troncpufie
1143 2669 1186 2704 de
1205 2668 1235 2702 la
1256 2668 1414 2703 manibre
1433 2667 1465 2700 la

69 2722 148 2768 plus
165 2723 342 2760 sacheuse.
