1951 3194
57 238 216 288 [1077?]
542 238 693 276 LIBER
724 239 963 286 QUINTUS.
1378 240 1455 278 377

120 316 181 361 X.
194 316 262 377 (ι)
275 316 314 378 [1
325 333 381 379 07
390 315 684 380 7?]Seditiosi
699 314 1456 381 tyronesRodbertojuveni‚1-egis

55 390 172 449 filio,
183 391 356 439 adulati
370 403 497 450 sunt,
510 410 712 456 eumque
721 393 778 439 ad
789 393 977 440 inutiles
988 410 1122 439 ausus
1130 404 1455 457 provocantes,

54 467 277 515 dixerunt
295 490 305 515 :
323 470 633 518 [Vobilissime
635 469 724 534 fili
735 473 874 534 regis,
892 481 941 517 ut
951 470 1071 535 quid
1084 472 1132 516 in
1145 472 1326 535 ingenti
1331 489 1458 537 pau-

49 546 182 609 peric
194 546 329 610 degis
337 546 363 592 P
381 548 544 593 Patris
557 548 627 592 tui
640 547 865 593 satellites
879 548 1040 612 regale
1052 550 1121 594 sic
1138 560 1323 595 servant
1339 567 1460 595 cera-

56 625 175 668 rium
176 661 193 681 ,
215 635 265 670 ut
281 628 366 671 vix
389 642 535 670 unum
559 625 650 670 tuis
669 624 918 671 clientibus
938 625 1050 670 inde
1057 626 1222 690 possis
1241 626 1357 672 darc
1375 626 1459 671 de-

55 700 262 746 narium.
283 700 392 746 Hoc
406 702 568 761 ingens
587 698 670 744 tibi
689 710 757 744 est
774 699 984 746 dedecus
1003 711 1046 745 et
1054 700 1190 747 nohis
1204 700 1454 758 damnum,

56 776 262 840 aliisque
277 777 518 842 pluribus,
547 776 679 840 quod
699 780 768 822 sic
792 777 1020 823 alienaris
1046 795 1077 822 a
1102 780 1243 841 regiis
1268 779 1456 844 opibus.

60 854 160 899 Cur
188 854 278 900 lzoc
302 852 525 918 pateris?
557 854 649 899 Ille
679 855 840 899 merito
874 853 1008 900 debet
1040 854 1231 902 divitias
1260 855 1458 915 habere,

56 933 141 992 qui
163 930 360 993 largiter
384 948 465 977 eas
490 932 622 977 omni
642 932 827 995 petenti
848 933 975 979 novit
1004 931 1298 978 distribuere.
1330 933 1461 979 Proh

54 1005 223 1053 dolor!
248 1017 332 1053 tua
357 1008 688 1054 miserabiliter
690 1007 938 1072 frustrata
961 1021 1029 1056 est
1058 1011 1284 1056 maxima
1307 1011 1463 1074 largi-

55 1094 130 1130 tas
139 1122 155 1142 ,
183 1084 298 1130 dum
318 1096 360 1130 te
374 1102 468 1150 per
473 1086 634 1150 patris
654 1087 724 1131 tui
743 1089 1040 1132 tenacitatem
1064 1087 1217 1132 nimia
1235 1088 1464 1152 opprimit

46 1173 331 1226 paupertas,
350 1166 430 1226 qui
447 1163 536 1208 tibi
546 1181 654 1209 suos
656 1201 671 1221 ,
690 1164 784 1209 imo
797 1173 900 1209 tuos
913 1165 1214 1229 superposuit
1228 1165 1458 1211 asseclas.

57 1239 166 1285 .Hoc
180 1276 196 1295 ,
228 1257 256 1285 o
281 1251 466 1286 strenue
494 1243 589 1298 vir,
618 1240 853 1304 quamdiu
875 1238 1116 1305 perferes?
1139 1242 1241 1287 Eia
1266 1241 1467 1288 viriliter

58 1334 293 1381 exsurge,·
315 1336 346 1364 a
364 1321 576 1382 genitore
596 1330 674 1364 tuo
688 1328 880 1383 partem
898 1320 1034 1382 regni
1052 1320 1100 1364 A
1104 1318 1276 1364 Zbionis
1294 1322 1436 1383 exige
1445 1356 1461 1376 ,

60 1405 144 1440 aut
171 1394 340 1440 saltem
363 1395 593 1442 ducatum
625 1412 818 1460 reposce
840 1395 1187 1452 Normannice,
1216 1413 1353 1459 quem
1380 1395 1466 1440 tibi

52 1469 350 1533 jamdudum
383 1471 615 1517 concessit
646 1488 808 1516 coram
843 1473 1148 1535 optimatum,
1185 1473 1270 1534 qui
1304 1471 1466 1517 adhuc

57 1558 233 1610 proesto
257 1559 387 1604 sunt,
413 1549 624 1611 agmine.
649 1548 763 1594 Non
787 1547 920 1593 decet
944 1560 986 1593 te
1010 1547 1190 1593 diutius
1208 1550 1397 1613 perpeti
1418 1560 1467 1593 ut

62 1624 360 1670 dominentur
381 1625 466 1671 tibi
484 1625 727 1671 naturales
748 1626 870 1671 servi
893 1625 989 1681 tui,
1016 1625 1189 1688 tibique
1213 1626 1355 1688 quasi
1377 1626 1466 1671 act-

108 1839 158 1884 (1)
183 1839 215 1873 Il
227 1846 280 1874 est
294 1840 367 1874 fort
384 1839 545 1882 difficile,
566 1840 655 1873 ainsi
670 1850 741 1885 que
756 1850 847 1872 nous
860 1850 905 1872 en
924 1850 1031 1871 avons
1043 1838 1122 1883 deja
1134 1838 1199 1872 fait
1210 1838 1244 1872 la
1258 1850 1462 1886 remarque,

64 1896 261 1941 d’assigner
277 1897 339 1931 des
357 1896 456 1930 dates
470 1896 553 1930 fixes
572 1898 592 1930 ἐι
608 1908 665 1930 ces
678 1895 806 1930 details
828 1895 890 1928 des
907 1894 1058 1941 longues
1074 1895 1252 1942 querelles
1268 1897 1331 1942 qui
1352 1908 1388 1930 se
1406 1909 1464 1930 re-

65 1954 298 1989 nouvelerent
313 1954 491 2000 plusieurs
507 1954 575 1988 fois
594 1960 697 1988 entre
721 1953 754 1988 le
771 1953 826 1987 roi
840 1952 1052 1987 Guillaume
1075 1959 1112 1986 et
1129 1964 1193 1987 son
1215 1953 1269 1987 fils
1287 1954 1379 1988 aine.
1406 1954 1466 1987 Un

64 2024 210 2059 passage
226 2012 276 2047 du
289 2012 376 2047 livre
392 2025 426 2046 1v
443 2012 652 2057 (ci-dessus,
668 2025 704 2058 p.
721 2011 806 2059 259)
821 2011 1026 2046 semblerait
1044 2023 1200 2058 prouver
1212 2011 1360 2059 qu'elles
1377 2013 1469 2046 exis—

66 2073 180 2107 taient
192 2072 253 2107 des
278 2075 381 2121 10743
404 2071 605 2119 cependant
630 2083 721 2106 nous
738 2072 882 2106 n⁷avons
895 2083 957 2118 pas
976 2083 1041 2106 cru
1058 2071 1211 2118 pouvoir
1226 2071 1346 2118 placer
1363 2079 1469 2106 avant

70 2132 156 2180 1078
180 2131 231 2167 les
250 2133 478 2166 evenements
504 2131 636 2165 arrives
660 2133 679 2164 ἐι
705 2131 846 2177 Laigle‚
868 2137 904 2165 et
926 2131 989 2178 qui
1010 2130 1208 2177 paraissent
1231 2132 1329 2165 avoir
1347 2131 1468 2165 donne

64 2191 138 2226 lieu
152 2204 197 2226 au
214 2192 373 2238 premier
386 2190 514 2238 de'part
531 2190 575 2225 de
588 2190 739 2225 Robert.
759 2190 849 2224 L‘un
866 2190 911 2225 de
927 2201 992 2225 nos
1006 2191 1222 2237 principaux
1234 2191 1357 2225 niotifs
1374 2204 1393 2225 a
1411 2192 1467 2225 ete

66 2250 99 2283 la
122 2250 258 2296 grande
273 2250 458 2296 jeunesse,
481 2249 598 2284 meme
622 2251 642 2283 ἐι
657 2255 750 2283 cette
773 2250 931 2296 epoque‚
960 2248 1005 2284 de
1026 2249 1104 2284 l'un
1129 2249 1190 2284 des
1206 2250 1350 2296 princes
1363 2249 1426 2296 qui
1445 2261 1469 2295 y

65 2308 208 2354 prirent
229 2314 311 2354 pam
324 2336 333 2351 ,
356 2308 492 2350 chri,
512 2309 558 2342 ne
575 2320 619 2342 en
640 2306 737 2342 1068.
754 2307 939 2341 peut-&tre
958 2306 1219 2350 demus-nous,
1239 2309 1259 2341 ἐι
1281 2306 1468 2352 l’exemple

66 2365 112 2400 de
129 2365 277 2400 Florent
292 2365 337 2400 de
354 2365 576 2408 Worcester,
599 2371 765 2411 reportet*
778 2376 834 2399 ces
858 2366 1088 2400 eve'nements
1107 2377 1152 2399 en
1176 2377 1273 2413 1077,
1294 2371 1330 2399 et
1348 2364 1468 2411 placer

67 2425 99 2458 la
124 2424 323 2458 discussion
345 2430 448 2458 entre
473 2424 683 2459 Guillaume
699 2430 735 2458 et
756 2423 915 2467 Robert‚
935 2437 1006 2471 que
1022 2436 1064 2458 va
1087 2430 1253 2458 raconter
1271 2430 1377 2458 notre
1403 2435 1467 2457 au-

67 2490 162 2527 teur,
183 2490 287 2517 avant
303 2483 336 2517 la
355 2483 525 2518 tentative
548 2482 593 2517 de
617 2483 756 2518 Robert
778 2495 838 2517 sur
864 2483 896 2518 le
919 2484 1071 2519 chstteau
1091 2483 1135 2517 de
1160 2483 1307 2526 Rouen,
1329 2483 1391 2530 qui
1412 2483 1468 2516 fut

69 2543 180 2578 suivie
194 2543 238 2577 de
261 2554 295 2577 sa
313 2543 460 2577 retraite
476 2543 560 2577 chez
583 2544 734 2589 Hugues
748 2542 792 2576 de
806 2543 1070 2578 Chfiteauneuf.
1089 2542 1149 2578 On
1168 2555 1270 2577 verra
1286 2542 1366 2588 plus
1385 2542 1466 2576 tard

70 2614 139 2648 que
164 2602 214 2636 les
243 2601 335 2636 deux
364 2602 470 2636 recits
498 2603 680 2637 successiss
704 2602 748 2637 de
775 2608 880 2637 notre
900 2609 1028 2638 auteur
1046 2603 1244 2650 pal-aissent
1268 2602 1366 2637 avoir
1384 2601 1468 2648 plu—

73 2660 185 2694 sieurs
201 2661 319 2706 points
338 2660 382 2694 dc
402 2667 544 2695 contact
558 2667 659 2695 entre
686 2673 772 2703 cuX,
793 2668 829 2695 ct
844 2661 948 2707 qu’ils
964 2668 1044 2696 sont
1062 2660 1283 2707 compliques
1299 2660 1463 2695 ‹Pe-venes

74 2726 187 2753 ments
206 2720 423 2765 postericurs
441 2722 458 2753 ὲι
478 2719 507 2754 la
529 2720 797 2755 reconciliation
817 2719 860 2754 dc
887 2732 981 2766 1079.
