1951 3194
369 278 448 314 2²22
738 278 980 315 HISTORIA
1013 276 1417 317 ECCLESIASTICA.
1652 282 1791 332 [1071]

370 356 652 403 comitatum
687 354 975 402 Northwici.
1007 354 1198 419 Hugoni
1232 374 1346 403 vero
1381 357 1438 404 de
1468 356 1794 406 Grentemais-

369 433 488 480 nilio
536 432 886 495 municipatum
934 433 1251 496 Legrecestrae
1289 435 1362 498 (ι)
1412 436 1788 493 commendavit3

369 510 564 573 aliisque
591 507 835 554 nobilibus
861 509 972 554 viris
996 509 1316 573 municipatus
1340 510 1534 556 urbium
1554 523 1600 559 et
1623 515 1795 577 praesi-

369 586 503 632 datus
530 603 639 630 cum
671 585 853 650 magnis
879 585 1145 633 honoribus
1177 598 1223 633 et
1257 587 1569 651 potestatibus
1599 590 1793 654 provide

369 661 630 708 distribuit.
660 663 869 710 Henrico
894 662 1187 710 Gualchelini
1218 664 1274 711 de
1302 666 1529 712 Ferrariis
1564 666 1662 714 filio
1692 685 1794 714 cas-

370 750 498 785 trum
526 740 838 787 Stutesburiae
871 742 945 805 (2)
980 742 1130 806 (quod
1164 744 1302 808 Ilugo
1335 743 1391 790 de
1416 743 1638 791 Abrincis
1664 747 1794 809 prius

371 818 614 880 tenuerat)
649 819 906 875 concessit,
940 819 1134 884 aliisque
1161 821 1374 878 advenis,
1407 823 1489 885 qui
1520 821 1609 867 sibi
1639 821 1795 870 cohae·

370 907 554 953 serant,
577 914 773 961 magnos
794 908 840 943 et
858 897 1036 944 multos
1062 897 1268 945 honores
1290 899 1520 955 contulit,
1544 910 1592 945 et
1616 901 1665 946 in
1685 910 1795 946 tan-

371 985 475 1020 tum
500 974 730 1039 quosdam
754 975 997 1038 provexit,
1032 985 1085 1021 ut
1110 976 1288 1023 multos
1323 977 1373 1022 in
1398 976 1567 1041 Anglia
1598 977 1795 1024 ditiores

372 1063 419 1099 et
435 1053 732 1116 potentiores
753 1051 983 1099 haberent
1002 1052 1213 1110 clientes,
1237 1071 1380 1118 quam
1395 1071 1561 1101 eorum
1582 1054 1630 1100 in
1651 1055 1796 1102 Neus-

372 1131 461 1176 tria
483 1130 676 1177 fuerant
701 1141 938 1194 parentes.

437 1207 567 1271 Quid
586 1207 755 1272 loquar
773 1207 830 1254 de
850 1207 1016 1255 Odone
1038 1208 1313 1255 Baiocasino
1331 1209 1557 1272 praesule,
1580 1211 1659 1274 qui
1681 1227 1797 1257 con-

371 1287 443 1332 sul
466 1286 704 1350 palatinus
729 1296 853 1342 erat,
877 1296 925 1332 et
950 1284 1128 1351 ubique
1151 1287 1334 1332 cunctis
1357 1286 1542 1351 Angliae
1566 1286 1798 1334 habitato-

370 1364 504 1411 ribus
527 1362 845 1411 formidabilis
869 1374 992 1421 erat,
1016 1382 1068 1410 ac
1091 1364 1237 1411 veluti
1264 1365 1494 1411 secundus
1518 1382 1602 1411 rex
1626 1365 1798 1428 passim

365 1445 473 1506 jura
493 1442 664 1489 dabat?
682 1443 1011 1507 Principatum
1036 1460 1176 1506 super
1195 1460 1360 1490 omnes
1384 1443 1580 1489 comites
1598 1453 1644 1489 et
1663 1443 1796 1506 regni

371 1522 624 1586 optimates
651 1520 841 1579 habuit,
871 1531 917 1568 et
943 1539 1050 1567 cum
1082 1521 1310 1568 thesauris
1339 1523 1653 1586 antiquorum
1678 1522 1799 1567 Can-

372 1601 487 1646 tiam
513 1602 586 1663 (5)
618 1600 846 1663 possedit,
884 1601 931 1646 in
965 1618 1056 1664 qua
1083 1599 1362 1664 jamdudum
1396 1600 1690 1647 AEdilbertus
1722 1601 1798 1646 Ir-

372 1679 562 1724 minrici
612 1677 736 1723 filius
755 1714 768 1735 ,
814 1677 1026 1724 Eadbald
1067 1688 1113 1725 et
1155 1677 1494 1724 Ercombertus
1533 1688 1579 1724 et
1615 1677 1798 1741 Egbert

372 1768 514 1821 atque
541 1756 760 1802 Lotheris
785 1755 931 1802 frater
956 1757 1052 1819 ejus
1084 1765 1407 1820 regnaverunt
1428 1756 1529 1818 (4),
1558 1755 1797 1819 primique

373 1853 541 1898 regum
580 1834 848 1898 Anglorum
881 1852 903 1879 a
942 1833 1184 1897 discipulis
1221 1832 1439 1898 Gregorii
1481 1851 1614 1896 papae
1656 1831 1798 1879 fldem

375 1912 550 1958 Christi
575 1921 906 1976 susceperunt,
933 1921 979 1957 ct
1009 1910 1183 1956 divinae
1215 1911 1326 1975 legis
1357 1909 1687 1957 observatione
1714 1928 1799 1974 pe-

372 1990 536 2037 rennis
560 1989 670 2034 vitee
696 1988 913 2034 bravium
944 1990 1137 2035 mercati
1174 2000 1303 2035 sunt.
1334 1989 1597 2046 Permixta,
1625 1989 1674 2034 ni
1705 1987 1798 2033 fal-

373 2068 466 2124 lor,
504 2068 551 2113 in
588 2066 677 2115 hoc
702 2068 806 2113 viro
833 2067 944 2112 vitia
974 2078 1110 2113 erant
1134 2085 1242 2113 cum
1270 2066 1558 2124 virtutibus;
1590 2066 1668 2113 sed
1690 2066 1796 2130 plus

374 2144 627 2190 mundanis
646 2142 909 2190 inhaerebat
928 2143 1213 2200 actionibus,
1231 2162 1372 2208 quam
1391 2144 1646 2207 spiritualis
1666 2144 1796 2189 theo-

373 2223 458 2268 riae
483 2220 860 2267 charismatibus.
885 2220 1118 2267 Coenobia
1143 2232 1418 2268 sanctorum
1436 2220 1566 2267 valde
1584 2238 1792 2285 conque-

374 2309 550 2345 runtur
585 2298 714 2363 quod
752 2297 899 2343 multa
938 2298 1003 2343 eis
1047 2298 1150 2344 Odo
1187 2297 1468 2344 detrimenta
1506 2297 1705 2353 fecerit,
1745 2308 1792 2344 et

419 2517 470 2562 (ι)
496 2516 688 2549 Leicester.

420 2585 469 2629 (2)
496 2582 696 2629 Tutsbury,
717 2582 806 2616 dans
824 2582 856 2617 le
876 2585 997 2618 comte'
1015 2583 1060 2618 (le
1079 2583 1247 2619 Stafford.

421 2651 470 2697 (3)
497 2653 544 2686 Le
563 2653 683 2686 comte
705 2651 749 2686 de
767 2652 874 2686 Kent.

422 2722 472 2763 (4)
500 2712 708 2761 Etlwlbert,
739 2720 792 2754 fils
819 2720 1099 2755 d’Hermenrick
1129 2718 1346 2768 (570-616);
1375 2717 1536 2753 Eadbald
1567 2715 1785 2763 (616-640);

376 2778 590 2811 Ercombert
609 2778 816 2824 (640-664);
838 2779 975 2826 Egbert
993 2777 1200 2826 ((364-675);
1221 2778 1393 2812 Lothairc
1408 2774 1605 2824 (675-685).
