1951 3194
401 263 478 303 194
766 260 1010 299 HISTORIA
1041 259 1446 298 ECCLESIASTICA.
1679 262 1818 310 [1069]

399 362 444 391 se
462 342 732 390 obsidentes
755 339 1034 403 abegerunt.
1059 337 1371 402 Fugientibus
1390 338 1517 385 obvii
1538 340 1819 387 Guillelmus

400 432 446 469 et
473 420 707 466 Briennus
734 416 901 482 grandi
929 414 1055 462 caede
1082 416 1399 462 temeritatem
1424 418 1702 480 punierunt.

464 500 563 546 Rex
612 496 806 543 interim
853 493 977 558 apud
1026 493 1239 541 Estafort
1282 495 1353 557 (ι)
1400 512 1541 559 quam
1587 495 1819 559 plurimos

397 578 707 624 factiosarum
743 573 954 637 partium
991 571 1115 618 facili
1155 583 1393 636 proventu
1427 572 1615 619 delevit.
1651 575 1703 618 In
1746 583 1820 620 tot

400 652 738 702 certaminibus
782 651 969 716 sanguis
1012 650 1254 714 utrimque
1301 650 1480 695 multus
1526 650 1818 706 effunditur,

400 744 445 781 et
482 743 575 778 tam
613 730 807 777 inermis
844 745 988 794 quam
1019 738 1194 773 armata
1226 726 1358 791 plebs
1387 727 1580 773 diversis
1615 727 1822 774 infortu-

398 811 489 857 niis
521 810 631 856 hinc
655 807 762 854 inde
791 805 1122 853 miserabiliter
1153 806 1447 852 concutitur.
1478 807 1572 852 Lex
1600 806 1682 852 Dei
1712 823 1822 870 pas-

398 890 486 935 sim
518 887 741 941 violatur,
769 895 816 932 et
844 884 1180 931 ecclesiasticus
1204 884 1336 947 rigor
1370 902 1489 947 pene
1513 883 1571 930 ab
1595 883 1821 932 omnibus

398 965 688 1013 dissolvitur.
712 962 871 1009 Caedes
895 962 1179 1009 miserorum
1206 962 1607 1026 multiplicantur,
1625 963 1820 1009 animae-

399 1062 492 1109 que
532 1041 803 1106 cupiditatis
849 1050 895 1086 et
942 1040 1024 1085 irae
1068 1039 1271 1084 stimulis
1316 1041 1611 1096 sauciantur,
1658 1050 1704 1086 et
1743 1057 1822 1086 ca-

398 1121 619 1168 tervatim
654 1119 763 1165 hinc
802 1117 911 1164 inde
947 1116 1004 1162 ad
1041 1116 1225 1163 inferna
1263 1127 1531 1179 raptantur,
1568 1116 1821 1164 damnante

398 1201 528 1254 Deo,
560 1199 691 1261 cujus
711 1195 887 1259 judicia
914 1212 1008 1242 esse
1026 1195 1280 1258 justissima
1305 1194 1698 1259 comprobantur.
1721 1198 1820 1243 Rex

401 1276 685 1325 Guillelmus
718 1292 826 1320 cum
858 1291 881 1319 a
914 1272 1125 1319 Lindisse
1157 1284 1492 1328 reverteretur,
1532 1273 1725 1338 reliquit
1755 1273 1820 1319 ibi

399 1369 680 1420 germanum
722 1368 860 1396 suum
901 1349 1202 1396 Rodbertum
1246 1351 1625 1398 Moritoliensem
1672 1351 1824 1397 comi-

400 1445 496 1481 tem
522 1443 567 1479 et
593 1429 891 1477 Rodbertum
917 1428 1180 1475 Aucenscm
1215 1429 1320 1492 (2),
1353 1430 1432 1493 qui
1470 1429 1714 1475 Danorum
1742 1446 1821 1475 ex-

399 1512 642 1558 cursiones
663 1518 898 1554 arcerent.
919 1507 1039 1553 Dani
1061 1506 1349 1571 aliquamdiu
1372 1506 1618 1552 delituere.
1642 1506 1821 1554 Verum

400 1600 654 1654 postquam
704 1595 802 1631 tuta
850 1594 961 1630 sunt
1009 1584 1223 1648 opinati,
1273 1584 1504 1631 conviviis
1546 1584 1822 1648 provincia-

399 1667 517 1712 lium
538 1666 669 1729 (quae
687 1662 829 1727 vulgo
849 1661 1036 1708 firmam
1055 1663 1123 1722 (5)
1152 1661 1419 1725 appellant)
1449 1661 1616 1717 illecti,
1647 1661 1703 1707 ad
1727 1672 1822 1708 ter-

400 1761 502 1789 ram
545 1740 874 1805 egrediuntur.
918 1736 1076 1784 Ambo
1116 1738 1312 1784 comites
1349 1756 1405 1784 ex
1444 1738 1703 1802 improviso
1744 1755 1823 1786 eos

403 1819 660 1875 invadunt,
678 1816 837 1880 epulas
858 1832 1029 1863 cruore
1046 1814 1376 1873 confundunt,
1401 1815 1580 1861 instant
1597 1816 1790 1880 trepidis
1809 1853 1821 1873 ‚

402 1899 458 1945 ad
482 1914 623 1943 naves
648 1911 796 1959 usque
820 1892 1045 1940 caedendo
1069 1891 1303 1956 fugientes
1333 1903 1701 1958 persequuntur.
1737 1894 1826 1940 Di-

402 1976 624 2041 vulgatur
649 1974 824 2019 iterum
849 1970 1036 2018 eosdem
1063 1970 1357 2018 latrunculos
1385 1969 1658 2017 Eboracum
1683 1972 1825 2019 adve-

405 2054 536 2112 nire,
564 2069 656 2116 qua
682 2049 897 2096 Natalem
922 2047 1227 2095 Dominicum
1254 2046 1522 2105 celebrent,
1551 2065 1740 2113 seseque
1766 2048 1820 2095 ad

404 2128 721 2197 praeliandum
747 2137 1032 2190 praeparent.
1064 2129 1329 2191 Properans
1360 2127 1442 2173 illo
1466 2145 1549 2173 rex
1574 2144 1599 2173 e
1623 2128 1822 2173 Snotin-

404 2209 571 2274 geham
608 2207 677 2269 (4)
697 2241 709 2261 ,
748 2204 1044 2269 praepeditur
1077 2204 1134 2250 ad
1167 2205 1510 2252 Praeti-Pontis
1546 2206 1615 2268 (5)
1651 2222 1821 2269 aquam

453 2414 503 2459 (1)
526 2408 694 2446 Stafford.

454 2472 504 2518 (2)
531 2470 693 2509 Robert‚
714 2473 833 2500 comte
851 2465 896 2499 de
918 2464 1098 2506 Mortain,
1120 2463 1216 2497 frere
1234 2463 1357 2498 uterin
1376 2463 1421 2498 de
1439 2463 1670 2509 Guillaume‚
1692 2473 1728 2500 et
1746 2465 1820 2500 Ro-

408 2535 510 2575 bert,
531 2536 650 2565 comte
673 2527 778 2561 d’Eu

454 2590 503 2636 (ὃ)
528 2591 576 2624 La
591 2585 804 2634 synonymie
822 2582 953 2617 etablic
965 2582 1009 2616 ici
1025 2594 1090 2628 par
1108 2588 1212 2616 notre
1230 2589 1361 2616 auteur
1374 2590 1428 2617 est
1447 2583 1818 2629 parsaitementjuste.

414 2653 531 2697 Voycz
550 2650 724 2692 Ducange
743 2652 779 2680 et
794 2643 964 2691 Spelman
986 2654 1032 2675 au
1052 2643 1267 2688 motflrma.

455 2712 504 2754 (4)
531 2707 787 2752 Nottingliam.

455 2767 503 2805 ’5)
530 2766 755 2807 pontesiam,
776 2763 865 2796 dans
884 2761 915 2794 le
933 2760 1202 2806 west-Riding
1219 2760 1268 2794 du
1287 2761 1405 2794 comte
1422 2759 1567 2793 d’York.
