1951 3194
446 203 520 240 ⁴02
800 202 1042 240 HISTORIA
1077 202 1479 241 ECCLESIASTICA.

436 285 569 344 jutor
594 282 803 326 extiterit
836 278 1033 325 Ernaldi
1058 279 1115 326 de
1141 279 1414 338 Excali'oio,
1440 281 1553 327 dum
1583 282 1856 329 incenderet

442 361 645 424 burgum
679 375 861 405 eorum.
901 358 966 402 Et
1000 356 1242 404 monachis
1277 357 1384 404 inde
1420 359 1755 407 rectitudinem
1789 359 1856 406 fa-

440 439 591 490 ciens,
619 453 759 498 super
787 434 931 480 altare
956 434 1282 481 vadimonium
1313 453 1451 480 suum
1473 439 1659 499 posuit,
1692 448 1740 485 et
1769 436 1854 485 de·-

438 523 546 558 vote
563 547 575 567 ,
603 512 638 556 si
663 528 888 575 prospere
914 521 1169 568 remearet,
1194 511 1342 556 multa
1367 512 1603 575 promisit.
1632 513 1855 561 Goisber-

440 602 539 635 tum
563 606 755 654 quoque
783 587 1019 635 medicum
1045 607 1181 635 suum
1210 590 1377 653 (quem
1404 590 1611 636 multum
1642 592 1851 655 amabat)

436 669 499 712 eis
524 668 901 723 commendavit-3
931 668 1013 732 qui
1041 679 1148 731 post
1172 667 1522 731 prosectionem
1547 671 1644 732 ejus
1667 687 1691 716 e
1714 670 1854 716 vesti-

435 748 514 809 gio
535 746 853 793 monachilem
878 745 995 792 inibi
1022 747 1365 809 professionem
1392 746 1528 803 fecit,
1557 758 1604 793 et
1627 765 1775 813 usque
1797 747 1856 795 ad

439 825 580 870 tinem
600 824 708 869 vitae
727 823 825 870 fere
846 840 947 869 xxx
969 823 1104 868 annis
1122 834 1312 869 strenue
1332 822 1604 870 custodivit.
1626 823 1855 876 Braefatus

439 901 574 947 heros
598 911 706 964 post
728 899 922 965 aliquod
943 910 1126 963 tempus
1154 899 1352 947 domum
1376 900 1546 958 rediit,
1575 918 1856 966 memorque

436 979 702 1041 sponsionis
730 996 826 1024 suae
851 979 1044 1025 Uticurn
1072 980 1225 1035 venit,
1259 989 1305 1025 et
1328 979 1440 1024 duas
1466 979 1712 1025 vinearum
1735 980 1856 1045 agri—

438 1074 644 1120 pennas,
686 1074 798 1119 quas
831 1055 955 1119 apud
989 1056 1219 1102 Toeniam
1258 1056 1331 1118 (ι)
1367 1054 1591 1113 habebat,
1630 1056 1687 1102 ad
1717 1074 1856 1104 usum

442 1135 687 1179 missarum
736 1133 783 1178 S.
836 1131 1043 1178 Ebrulfo
1090 1131 1236 1178 dedit.
1294 1131 1479 1178 Annuit
1527 1132 1669 1179 etiam
1713 1133 1857 1198 quid-

438 1211 553 1276 quid
593 1210 650 1257 ad
685 1209 1059 1257 Guarlenvillam
1086 1208 1287 1256 habebat
1319 1230 1328 1255 ε
1375 1220 1548 1256 terram
1590 1210 1768 1257 scilicet
1805 1229 1857 1257 ac

437 1289 742 1353 pasnagium3
792 1289 850 1333 ita
896 1298 950 1332 ut
1000 1287 1211 1351 primum
1254 1287 1527 1351 pasnagium
1568 1286 1857 1334 famulorum

435 1385 534 1414 non
574 1367 791 1423 daretur,
830 1366 1089 1414 secundum
1127 1383 1239 1413 vero
1280 1365 1351 1412 vel
1398 1365 1592 1412 tertium
1635 1364 1854 1423 daretur,

436 1445 783 1493 monachorum
821 1456 979 1492 autem
1019 1444 1208 1492 nullum
1245 1443 1455 1490 daretur.
1495 1448 1724 1491 Praeterea
1763 1455 1858 1491 tres

437 1524 642 1588 hospites
679 1523 922 1570 monachis
961 1522 1090 1570 dedit
1128 1541 1135 1568 ;
1182 1540 1335 1568 unum
1377 1520 1610 1578 ConchiS‚
1655 1522 1858 1568 alterum

438 1602 659 1657 Toeniae‚
710 1602 908 1648 tertium
945 1617 1060 1646 vero
1096 1599 1365 1647 Achinneio
1415 1601 1527 1664 (2),
1570 1617 1714 1665 quem
1763 1601 1859 1648 Ge-

440 1679 601 1725 roldus
636 1678 957 1724 Guastinellus
994 1677 1051 1724 de
1088 1695 1143 1724 eo
1188 1688 1433 1734 tenuerat,
1475 1688 1522 1725 et
1559 1677 1699 1725 beato
1733 1679 1857 1742 patri

440 1755 641 1802 Ehrulfo
673 1765 843 1819 sponte
871 1754 1079 1802 dederat.
1110 1754 1242 1802 Idem
1274 1754 1509 1802 Rodulfus
1538 1766 1645 1819 post
1676 1755 1859 1821 aliquot

438 1851 588 1880 annos
602 1832 910 1880 Goisbertum
926 1831 1216 1880 monachum
1232 1833 1280 1878 in
1295 1833 1517 1897 Angliam
1531 1851 1689 1880 secum
1701 1832 1855 1891 duxit,

442 1928 591 1975 coque
615 1919 905 1973 procurante
929 1908 1174 1956 monachis
1193 1908 1497 1956 Uticensibus
1521 1910 1632 1956 duas
1655 1911 1860 1958 mansio-

443 2008 523 2035 nes
542 1986 671 2034 dedit
697 2008 706 2033 ;
736 2005 879 2034 unam
898 1987 1078 2033 scilicet
1096 1987 1145 2033 in
1168 1986 1392 2044 Nortfuc,
1418 2005 1526 2052 quae
1548 1999 1745 2035 vocatur
1761 1989 1861 2035 Cal-

442 2067 607 2113 decota
625 2066 720 2129 (5);
739 2065 935 2112 alteram
956 2082 1067 2111 vero
1094 2066 1142 2110 in
1162 2066 1229 2111 W
1234 2066 1473 2130 igornensi
1498 2066 1744 2130 provincia
1765 2067 1856 2131 (4),

444 2163 552 2209 quae
585 2144 761 2190 dicitur
789 2143 1084 2191 Alwintona.
1125 2145 1237 2190 Haec
1272 2144 1431 2191 omnia
1464 2144 1743 2192 Guillelmus
1776 2162 1860 2192 rex

444 2222 699 2278 concessit,
737 2231 783 2267 et
821 2222 869 2266 in
909 2231 1034 2266 carta
1075 2238 1235 2268 coram
1271 2219 1549 2285 proceribus
1588 2221 1680 2267 suis
1715 2221 1858 2286 regali

443 2300 724 2347 auctoritate
754 2298 1072 2346 confirmavit.
1108 2299 1352 2346 Elizabeth
1380 2300 1520 2346 etiam
1549 2299 1733 2364 praefati
1765 2300 1860 2345 mi-

448 2419 518 2423 l

510 2486 538 2525 ι)
564 2480 695 2514 Toeni.

504 2542 538 2585 α)
565 2538 760 2586 Acquigni.

505 2597 538 2645 3)
567 2597 779 2639 Caldecotc‚
801 2596 889 2631 dans
910 2597 942 2631 le
961 2597 1126 2632 Norsolk.

527 2659 536 2702 )

489 2660 518 2698 Α.
566 2656 810 2701 Aujonrd'hui
834 2656 961 2699 Alton,
984 2657 1073 2691 dans
1090 2658 1120 2691 la
1138 2658 1294 2703 paroisse
1314 2657 1359 2692 ‹le
1374 2657 1474 2692 Nock
1496 2656 1851 2703 (worcestershire).

489 2483 500 2678 ἾΑΛΛ
