1951 3194
446 266 524 305 318
814 268 1056 305 HISTORIA
1088 267 1492 309 ECCLESIASTICA.
1726 275 1868 325 [1080]

448 356 699 410 cogantur.
749 347 956 409 Propter
1002 364 1164 392 eorum
1192 345 1418 408 feminas
1464 350 1600 397 nulla
1637 355 1871 416 pecuniae

447 423 717 470 emendatio
743 425 981 486 exigatur.
1005 425 1367 473 Arclzidiaconi
1380 445 1474 493 per
1497 429 1870 478 archidiacona-

446 514 519 548 tus
537 519 650 548 suos
667 502 814 548 semel
829 505 880 548 in
898 520 1028 550 anno
1043 503 1430 568 presbyterorum
1448 507 1867 570 suffraganeorum

447 596 643 625 suorum
669 582 952 626 vestimenta
983 592 1027 626 et
1058 580 1234 627 calices
1267 593 1310 626 et
1339 581 1485 629 libros
1516 584 1745 643 videant,
1783 586 1873 634 de-

446 658 651 721 signatis
689 657 752 703 ab
789 661 1017 724 episcopo
1055 661 1106 704 in
1145 677 1432 725 unoquoque
1470 662 1871 710 archidiaconatu

446 734 745 781 solummodo
768 735 918 782 tribus
940 736 1083 794 locis,
1111 737 1195 783 ubi
1217 740 1369 785 vicini
1381 740 1656 804 presbyteri
1677 741 1748 788 ad
1769 741 1873 789 lzcec

448 813 766 860 monstranda
802 827 1130 864 convocentur.
1177 816 1328 879 Quod
1355 835 1461 864 cum
1497 817 1874 867 archidiaconus

449 892 520 938 ad
555 891 662 938 hoec
700 892 919 939 videnda
955 895 1159 952 venerit,
1195 912 1228 940 a
1255 895 1546 960 presbyteris
1583 898 1671 961 qui
1702 914 1875 945 conve-

448 969 610 1024 niunt,
643 969 830 1027 triduo,
857 970 903 1015 si
922 970 1146 1035 expedit)
1173 972 1351 1017 victum
1376 972 1552 1018 lzabeat
1577 973 1674 1019 sibi
1692 975 1874 1037 quinto.

512 1047 561 1094 6.
583 1045 638 1092 Si
642 1046 894 1112 presbyter
890 1044 1269 1111 forisfacturam
1275 1046 1451 1116 fecerit
1467 1050 1526 1095 de
1526 1048 1730 1113 forestis
1747 1052 1875 1115 regis

448 1125 528 1171 vel
543 1124 778 1171 baronum
795 1125 918 1189 ejus,
938 1124 1121 1171 nullam
1142 1125 1255 1172 inde
1276 1126 1659 1174 emendationem
1680 1127 1876 1174 habebit

452 1203 721 1265 episcopus.

516 1299 562 1343 7.
584 1279 856 1343 Presbyteri
877 1279 1024 1325 semel
1046 1282 1097 1325 in
1121 1297 1251 1325 anno
1275 1281 1407 1326 cirea
1430 1280 1745 1326 Pentecosten
1765 1298 1873 1327 cum

439 1357 836 1424 processionibus
859 1359 960 1403 suis
985 1356 1056 1403 ad
1076 1369 1274 1403 matrem
1300 1357 1557 1404 ecclesiam
1581 1359 1811 1414 veniant;
1833 1369 1877 1404 et

450 1435 511 1481 de
535 1434 743 1499 singulis
765 1434 988 1481 domibus
1008 1452 1131 1481 ceree
1150 1435 1382 1481 denerata
1401 1435 1421 1498 (
1432 1435 1475 1498 ι)
1488 1470 1501 1491 ,
1523 1435 1605 1481 vel
1626 1435 1755 1481 idem
1779 1453 1875 1482 va—

449 1514 549 1560 lens
594 1514 664 1559 ad
709 1512 1086 1559 illuminandam
1132 1513 1386 1559 ecclesiam
1430 1512 1577 1559 altari
1623 1513 1872 1576 offeratur.

455 1592 605 1656 Quod
633 1595 718 1656 qui
735 1594 905 1652 facere
936 1591 1165 1648 noluerit,
1198 1609 1230 1637 a
1252 1590 1532 1656 presbytero
1562 1608 1650 1637 suo
1674 1608 1764 1655 per
1785 1593 1876 1637 mi—

448 1670 697 1716 nisterium
719 1687 859 1715 suum
882 1679 1088 1733 cogatur
1101 1669 1192 1715 lzoc
1214 1669 1393 1716 solvere
1413 1670 1516 1715 sine
1541 1668 1873 1715 emendatione

446 1748 688 1812 pecunice.
731 1747 912 1793 Laicus
947 1746 1274 1811 presbyterum
1311 1764 1409 1793 non
1448 1747 1527 1792 det
1565 1747 1647 1792 vel
1685 1747 1876 1793 adimat

449 1825 688 1884 ecclesice,
717 1826 816 1871 nisi
837 1843 900 1871 ea*
923 1842 1158 1872 consensu
1171 1825 1415 1890 praesulis.
1445 1824 1599 1888 Quem
1623 1835 1806 1882 tamen,
1830 1826 1875 1871 si

449 1901 752 1968 recipiendus
777 1913 872 1959 est,
903 1905 1158 1967 episcopus
1186 1919 1283 1948 non
1314 1900 1546 1966 repellat;
1574 1912 1617 1945 et
1644 1901 1689 1946 si
1716 1901 1874 1966 repel—

451 1979 621 2026 lendus
644 1990 714 2025 est
721 2017 736 2037 ,
764 1996 863 2025 non
889 1981 1109 2025 retineat.

519 2058 564 2104 8.
602 2058 665 2103 In
698 2058 942 2104 cimiteriis
979 2057 1052 2120 (2)
1089 2057 1423 2114 ecelesiarum,
1467 2073 1576 2120 quae
1615 2057 1665 2101 in
1703 2056 1874 2103 civita-

451 2135 574 2181 tibus
595 2136 678 2182 vel
699 2134 909 2181 castellis
931 2134 1012 2181 vel
1042 2135 1206 2200 burgis
1229 2145 1368 2191 sunt,
1395 2133 1639 2198 quidquid
1660 2133 1876 2198 episcopi

451 2224 657 2278 tempore
681 2211 917 2259 Rodberti
947 2213 1133 2258 comitis
1165 2212 1245 2258 vel
1284 2211 1539 2258 Guillelmi
1574 2210 1726 2273 regis,
1767 2210 1872 2274 ejus

451 2308 701 2348 consensu,
720 2289 1003 2347 habueruntJ
1024 2291 1241 2355 episcopi
1254 2289 1531 2335 relzabeant.
1552 2289 1613 2334 In
1631 2288 1872 2333 cimiteriis

391 2380 397 2389 ¹
450 2387 564 2416 vero
575 2407 591 2427 ,
615 2386 724 2433 quce
748 2371 798 2414 in
816 2368 1026 2416 marchis
1044 2381 1179 2426 sunt,
1203 2370 1249 2414 si
1264 2385 1442 2432 guerra
1446 2364 1604 2431 fuerit
1610 2403 1626 2424 ,
1649 2376 1693 2411 et
1714 2364 1872 2429 aliqui

452 2447 522 2492 ad
554 2445 872 2493 habitandum
903 2445 967 2492 ibi
983 2444 1191 2508 ¹saciant
1222 2447 1521 2492 mansionem
1549 2445 1665 2490 dum
1692 2459 1871 2507 guerra

496 2657 544 2700 (ι)
571 2655 653 2690 Une
666 2655 834 2702 quantit&
850 2653 895 2688 dc
909 2655 982 2688 cire
1001 2654 1046 2688 de
1061 2654 1093 2688 la
1109 2654 1230 2689 valeur
1244 2654 1332 2688 d’un
1347 2654 1488 2689 denier.
1502 2653 1599 2689 C’cst
1613 2652 1658 2686 de
1674 2650 1867 2693 denerata,

451 2714 662 2751 denariam.
683 2715 800 2761 qu'cst
820 2726 912 2748 vcnu
932 2714 963 2749 le
984 2721 1060 2747 mot
1074 2714 1227 2759 srauqais
1247 2713 1394 2747 denrbo.

497 2775 545 2814 (Ὗ)
575 2775 668 2807 Mser.
689 2791 692 2793 Α
715 2776 944 2807 cwmaelcl'siv.
