1951 3194
94 206 359 254 [1078-1079]
579 203 730 242 LIBER
761 203 1002 252 QUINTUS.
1418 206 1491 243 5387

94 284 307 347 minique
330 283 401 328 sui
420 281 723 330 exhaeredatis
743 282 1084 330 vendebantur.
1109 283 1183 328 Sic
1203 283 1495 330 Normannia

94 360 224 422 pejus
246 377 269 404 a
296 359 388 404 suis
410 376 552 424 quam
581 359 638 405 ab
670 361 873 406 externis
900 358 1171 416 vexabatur,
1199 370 1245 406 et
1275 361 1495 407 intestina

94 444 222 496 peste
245 433 604 481 demoliebatur.

158 510 221 556 At
243 512 567 576 magnanimus
594 529 676 557 rex
699 512 874 558 validos
898 514 1129 559 exercitus
1153 512 1349 577 provide
1371 531 1499 577 prae-

95 590 303 652 paravit,
340 591 388 636 in
420 587 595 636 finibus
620 590 880 652 provinciae
904 590 1118 637 hostibus
1149 592 1384 655 contiguae
1415 609 1499 655 per

95 668 278 714 castella
309 668 566 732 disposuit,
602 677 767 714 contra
799 685 961 715 omnes
988 669 1274 716 adversarios
1297 669 1499 716 viriliter

95 744 304 810 undique
336 745 539 802 restitit,
578 762 664 791 nec
700 744 903 809 aliquem
938 756 1112 792 terram
1143 763 1273 792 suam
1305 748 1499 811 impune

93 821 292 885 praedari
307 822 539 886 permisit.
560 822 660 869 Hoc
679 823 837 878 etiam,
860 822 989 886 quod
1009 831 1105 867 tam
1123 840 1273 885 prope
1297 823 1496 870 limitem

94 917 231 946 suum
249 898 403 946 hostes
422 899 489 944 sui
511 899 666 946 sedem
685 898 772 945 sibi
793 899 1051 964 elegerant,
1076 899 1326 963 indignum
1343 900 1495 957 duxit,

93 994 180 1024 nec
203 977 302 1024 sine
322 975 523 1024 terribili
544 977 777 1023 calumnia
797 975 972 1022 diutius
995 976 1210 1040 pertulit.
1234 976 1371 1023 Unde
1393 988 1500 1040 post

93 1053 256 1100 Natale
271 1054 464 1101 Domini
485 1054 533 1100 in
554 1052 764 1100 hibernis
783 1052 1021 1100 mensibus
1038 1053 1232 1100 ferratas
1249 1053 1501 1119 phalanges

94 1132 339 1188 adunavit,
363 1142 409 1178 et
426 1132 643 1178 inimicos
662 1131 759 1177 dira
780 1130 867 1177 sibi
887 1132 1231 1178 comminantes
1248 1131 1370 1194 apud
1388 1131 1501 1179 Ger-

93 1206 341 1254 berracum
365 1208 512 1254 visere
535 1207 690 1264 vadit,
719 1219 765 1254 et
791 1207 889 1254 fere
915 1206 1066 1253 tribus
1091 1208 1361 1270 septimanis
1394 1226 1501 1254 cum

96 1283 242 1330 valida
272 1302 413 1330 manu
447 1295 698 1332 castrenses
730 1283 975 1331 obsidione
1010 1285 1236 1331 coercuit.
1271 1286 1503 1349 Praecipui

98 1362 276 1426 pugiles
314 1366 363 1407 in
404 1372 602 1426 utraque
639 1373 770 1426 parte
811 1361 1077 1408 militabant
1093 1398 1105 1418 ,
1149 1373 1196 1408 et
1226 1363 1503 1427 frequenter

101 1439 234 1486 electi
258 1439 563 1496 fortitudine,
595 1441 857 1504 peritiaque
887 1440 1104 1496 militari,
1145 1440 1201 1485 ad
1226 1440 1504 1487 conflictum

99 1515 459 1563 conveniebant.
512 1516 633 1562 Hinc
679 1517 943 1564 Normanni
994 1528 1039 1562 et
1077 1516 1246 1580 Angli,
1294 1518 1505 1582 regiique

98 1593 343 1640 auxiliares
368 1594 425 1640 de
451 1593 664 1640 finitimis
691 1595 964 1659 regionibus
992 1595 1163 1640 acriter
1195 1595 1499 1651 insistebant;

99 1670 229 1716 illinc
248 1670 367 1718 Galli
386 1681 432 1717 et
450 1671 591 1717 vicini
612 1671 784 1727 hostes,
805 1670 1050 1719 Rodberto
1069 1671 1378 1727 cohaerentes,
1398 1671 1504 1718 for-

97 1750 207 1795 titer
230 1747 508 1795 resistebant
527 1750 610 1810 (1).
633 1748 1011 1813 Confligentibus
1034 1749 1123 1794 illis
1144 1749 1298 1811 plures
1318 1749 1502 1812 dejicie-

1435 1868 1495 1875 —-

143 1931 194 1974 (ι)
217 1930 268 1964 Ce
291 1931 382 1963 re'cit
400 1930 450 1963 du
471 1931 567 1976 siege
587 1930 632 1964 de
647 1931 824 1964 Gerberoi
842 1937 895 1964 est
907 1931 980 1964 sort
1002 1930 1210 1976 incomplet.
1229 1931 1386 1966 Orderic
1400 1945 1417 1966 a
1438 1935 1502 1966 ne-

99 1989 193 2036 glige
210 1989 254 2023 de
271 1989 350 2023 dire
368 2002 408 2024 cc
431 2002 501 2036 que
521 2001 612 2023 nous
637 2002 761 2024 sax‘ons
779 2002 841 2036 pai·
861 2002 932 2024 une
950 1990 1074 2024 charte
1101 1989 1146 2023 de
1170 1990 1340 2037 Philippo
1356 1992 1409 2033 Pr,
1432 2005 1502 2039 quc

102 2061 142 2083 ce
158 2049 282 2095 prince
296 2061 331 2083 se
347 2049 470 2084 reunit
484 2051 502 2083 a
519 2049 729 2084 Guillaume
744 2061 836 2095 pour
849 2049 1004 2094 assieger
1022 2048 1160 2083 Robert
1177 2049 1265 2083 dans
1277 2049 1308 2083 la
1322 2050 1422 2096 place
1436 2063 1507 2098 quc

102 2108 295 2142 lui-meme
311 2107 362 2141 lui
383 2108 475 2142 avait
492 2108 654 2154 assigner:
677 2119 769 2154 pour
789 2107 926 2154 refuge.
948 2108 1045 2141 Dans
1064 2114 1157 2142 cette
1177 2108 1302 2142 charte
1322 2121 1365 2142 en
1386 2110 1508 2144 faveur

102 2167 147 2202 de
174 2167 333 2213 l’abbaye
360 2167 404 2201 dc
425 2168 731 2211 Saint—Quentin,
759 2180 806 2201 on
827 2168 869 2201 lit
891 2167 941 2201 les
966 2168 1227 2214 souscriptions
1247 2169 1426 2204 suivantes
1443 2171 1506 2217 qui

103 2226 312 2262 etablissent
330 2227 438 2261 d’une
461 2228 620 2262 maniere
640 2227 873 2274 irrefragable
890 2227 923 2261 la
941 2226 1039 2273 ligue
1063 2227 1125 2261 des
1139 2227 1233 2262 deux
1247 2230 1454 2263 souverains
1474 2237 1509 2263 et

103 2287 134 2320 la
160 2287 242 2321 date
261 2286 308 2320 du
327 2288 424 2333 siege
441 2303 446 2320 z
473 2288 557 2333 Ego
582 2287 776 2334 Philippus
796 2287 1020 2321 Francorum
1040 2300 1106 2321 rer
1122 2289 1271 2332 propria
1290 2300 1401 2321 mame
1420 2289 1508 2322 sul)-

104 2348 244 2391 scripsi.
271 2345 305 2388 †.
327 2347 364 2380 E
367 2359 412 2392 go
438 2347 484 2379 W
483 2347 640 2380 illelmus
668 2347 875 2392 Anglorum
896 2349 1128 2393 r·e.·cp1‘r›pr·ia
1158 2360 1268 2380 mame
1293 2347 1503 2392 subscripsi.

106 2405 240 2437 Actum
263 2404 406 2449 publice
433 2407 469 2438 in
496 2405 681 2439 obsidione
713 2418 837 2450 regum
863 2405 1121 2450 praulictarimz
1151 2404 1321 2438 videlieet
1348 2405 1513 2451 Philippi

106 2464 202 2507 regis
233 2461 458 2496 Francorum
489 2470 522 2496 et
561 2464 732 2497 Ils'illeltm'
761 2465 966 2509 Atzglorimz
999 2465 1093 2509 regis
1125 2466 1219 2496 rt'rca
1256 2463 1508 2497 Gcrlmredimz

106 2534 204 2556 anno
222 2524 406 2556 incarnati
425 2523 538 2556 Verbi
554 2528 594 2557 ΜΩ
612 2530 685 2557 Lxx⁰
703 2530 792 2556 vm0.
810 2523 839 2556 ll
857 2523 988 2557 resulto
1007 2523 1217 2556 clairement
1231 2522 1280 2555 du
1295 2524 1510 2568 rapproche-

107 2588 209 2615 ment
223 2580 267 2614 de
281 2587 374 2615 cette
391 2581 472 2616 date
493 2594 575 2616 avec
594 2582 624 2616 le
643 2583 706 2616 fait
725 2582 847 2616 fourni
866 2595 930 2628 par
944 2589 1047 2616 noti-e
1065 2588 1205 2623 auteur,
1228 2580 1275 2614 du
1296 2580 1393 2627 siege
1409 2595 1509 2616 com-

108 2642 235 2674 mence
251 2641 354 2686 apres
372 2640 461 2674 No'e'l
474 2670 481 2683 ‚
505 2641 591 2688 qu'il
615 2649 676 2676 eut
695 2641 906 2675 reellement
923 2641 998 2675 lieu
1019 2654 1062 2675 au
1084 2641 1171 2675 mois
1191 2640 1234 2674 de
1248 2640 1389 2685 janvier
1413 2655 1510 2689 1079.

154 2698 234 2732 Une
259 2706 361 2733 autre
381 2700 552 2734 omission
573 2700 793 2745 importante
809 2702 824 2733 a
846 2699 980 2734 relever
995 2699 1081 2733 dans
1102 2711 1140 2733 cc
1164 2699 1269 2740 ret-it,
1292 2705 1343 2733 cst
1357 2698 1444 2733 celle
1463 2700 1511 2733 (lu
