1951 3194
395 227 475 267 424
759 228 1002 266 HISTORIA
1032 227 1431 268 ECCLESIASTICA.
1531 231 1801 283 [1075-1076]

397 307 690 354 honestatem
720 321 887 350 eorum
920 322 1027 350 cum
1054 305 1283 370 religione
1315 320 1614 365 venerantes,
1651 311 1714 356 eis
1746 309 1803 356 de

395 382 536 431 rebus
558 383 651 428 suis
682 381 898 428 idoneam
921 381 1195 445 portionem
1222 384 1549 432 contulerunt.
1576 386 1804 434 Praefatus

396 461 571 524 quippe
601 456 876 504 Fulcherius
899 456 1149 505 nobilitate
1183 458 1396 520 cluebat,
1430 478 1483 508 ex
1513 462 1804 526 patrimonio

395 553 479 582 suo
503 551 719 598 magnam
743 534 1083 597 possessionem
1103 534 1321 593 habebat,
1347 536 1612 601 litterisque
1629 539 1803 585 affatim

397 612 630 668 imbutus,
661 622 834 658 sanctae
866 612 949 659 Dei
986 613 1240 659 Genitricis
1273 615 1526 661 canonicus
1559 626 1675 662 erat.
1706 617 1806 679 Ipse

394 689 451 736 de
480 690 738 737 donatione
769 707 963 748 rerum,
996 707 1109 755 quas
1144 701 1306 738 saneto
1346 691 1535 738 dederat
1571 691 1803 749 Ebrulfo,

396 765 605 812 chartam
636 765 776 823 feeit,
811 766 1006 830 ipsoque
1042 765 1282 813 subtiliter
1316 777 1362 813 et
1392 766 1539 815 facete
1573 768 1806 826 dictante,

394 843 666 891 Rodbertus
696 843 931 903 AndreaS,
957 844 1162 907 scriptor
1186 845 1420 909 egregius,
1448 844 1537 892 hoc
1561 845 1705 894 modo
1729 864 1809 892 an-

397 923 609 969 notavit:

461 1001 573 1064 Ego
597 1002 649 1045 F
648 1000 900 1055 alcherius,
927 999 1309 1063 Gerardifllius,
1337 1001 1397 1045 B.
1425 1001 1604 1047 Mariae
1628 1004 1810 1048 Carno-

400 1079 543 1124 tensis
585 1077 795 1124 ecclesia:
842 1075 1070 1139 indignus
1118 1076 1481 1141 qualiscumque
1524 1082 1781 1126 canonicus
1791 1116 1808 1136 ,

399 1156 667 1201 multotiens
686 1171 870 1200 mecum
894 1154 1115 1218 cogitans
1134 1154 1195 1199 de
1208 1165 1335 1200 statu
1349 1173 1492 1213 mete,
1512 1156 1813 1221 aliorumque

399 1232 672 1278 mortalium
707 1231 1026 1288 conditionis,
1066 1233 1229 1277 omnia
1251 1232 1416 1293 ferme
1453 1249 1561 1296 quae
1595 1233 1682 1279 sub
1716 1234 1814 1280 sole

399 1321 508 1356 sunt
532 1311 676 1374 (sieut
697 1310 762 1355 ait
785 1309 1039 1372 Salomon)
1064 1310 1315 1374 subjacere
1337 1312 1543 1358 vanitati
1574 1315 1782 1377 comperi
1791 1336 1812 1368 5

401 1407 488 1435 nec
512 1388 702 1452 aliquid
724 1405 824 1434 esse
847 1391 897 1433 in
921 1391 1076 1445 terris,
1104 1387 1237 1451 quod
1267 1387 1406 1434 beare
1430 1401 1543 1454 post
1573 1406 1814 1436 (erumnas

397 1466 541 1531 liujus
559 1467 674 1512 vitae
688 1465 897 1511 homines
906 1466 1084 1530 possit,
1105 1465 1201 1510 nisi
1217 1465 1426 1528 aliquid,
1447 1466 1562 1511 dum
1586 1467 1809 1525 vixerint,

393 1562 488 1610 pro
511 1562 561 1590 se
586 1541 944 1606 benefecerint.
985 1542 1151 1605 Hujus
1182 1543 1252 1587 rei
1281 1542 1661 1589 consideratione
1692 1561 1815 1590 com-

403 1633 583 1677 motus,
621 1639 681 1665 ac
713 1637 922 1666 rizeorum
952 1623 1199 1665 criminum
1231 1623 1510 1667 enormitate
1535 1621 1682 1668 ‘valde
1708 1639 1815 1686 per-

404 1702 586 1744 territus
605 1699 858 1761 (quoniam
873 1697 1214 1760 mzusquisque,
1234 1697 1295 1742 de
1310 1696 1382 1744 liis
1400 1716 1508 1761 quae
1522 1702 1688 1762 gessit,
1707 1700 1814 1745 Deo

403 1780 631 1823 rationem
657 1775 947 1840 quandoque
979 1786 1046 1820 est
1068 1774 1388 1832 redditurusl,
1426 1777 1579 1821 visum
1610 1788 1678 1822 est
1700 1776 1816 1823 mihi

404 1854 566 1913 (credo
593 1872 654 1899 ex
680 1854 777 1898 Det
799 1853 1158 1916 inspiratione),
1182 1870 1244 1897 ex
1261 1852 1332 1898 his
1359 1870 1467 1916 quse
1479 1854 1728 1918 possideo,
1749 1855 1810 1900 B.

402 1931 447 1977 E
452 1928 607 1993 brulfo
624 1929 794 1993 aliqua
803 1946 898 1994 pro
917 1928 1072 1974 salute
1087 1946 1211 1983 mea,
1233 1930 1590 1994 amicorumque
1608 1947 1816 1977 meorum

404 2008 589 2055 tradere
603 2030 623 2063 ,·
657 2007 782 2052 unde
795 2007 989 2069 fratres
1015 2008 1109 2052 mei
1141 2017 1184 2051 et
1207 2006 1356 2052 amici
1366 2044 1383 2064 ,
1419 2006 1541 2052 inibi
1563 2006 1811 2071 degentes,

402 2086 886 2151 quantulamcumque
912 2084 1085 2131 habere
1105 2085 1297 2149 possint
1323 2101 1573 2149 corporum
1598 2084 1815 2131 substan-

401 2165 654 2220 tationem,
684 2175 725 2208 et
745 2165 1017 2208 memoriam
1045 2165 1135 2207 mei
1157 2162 1444 2225 aliquotiens
1469 2163 1646 2208 exinde
1668 2162 1815 2209 liben-

401 2245 491 2287 tius
511 2239 750 2305 saciant;
783 2241 1012 2303 quoniam
1044 2257 1101 2285 ea
1109 2276 1125 2296 2
1155 2257 1260 2303 quse
1287 2241 1491 2303 posteris
1516 2242 1682 2286 nostris
1699 2241 1815 2304 jure

401 2318 704 2364 lzoereditario
735 2318 1071 2380 relinquimus,
1100 2334 1194 2362 non
1216 2316 1367 2362 solum
1389 2317 1499 2363 dico
1523 2336 1533 2361 .·
1555 2329 1668 2381 post
1693 2335 1814 2363 mor-

401 2408 493 2441 tem
522 2413 618 2442 non
636 2406 868 2460 prosunt;
896 2398 1228 2451 verumetiam,
1257 2398 1373 2457 quia
1403 2394 1528 2440 male
1551 2412 1608 2441 ea
1638 2395 1811 2441 locavi-

400 2492 531 2532 mus,
577 2472 712 2518 nobis
759 2472 1014 2535 plurimum
1057 2470 1285 2534 officiunt.
1328 2471 1507 2518 Notum
1552 2483 1708 2517 autem
1750 2474 1811 2517 sit

401 2563 583 2597 sancta?
617 2550 856 2597 Ecclesia'
885 2549 1102 2596 omnibus
1118 2549 1352 2613 fidelibus
1389 2553 1503 2614 quia
1540 2567 1628 2613 ego
1663 2549 1809 2595 libens

401 2640 542 2691 atque
566 2640 855 2692 spontaneus
870 2666 883 2685 9
925 2645 1044 2673 mea?
1076 2628 1224 2674 saluti
1254 2630 1303 2672 in
1315 2626 1490 2691 futuro
1508 2626 1803 2692 pravidens,

402 2705 538 2748 bean»
567 2704 773 2765 [Νη-υθέ)
808 2716 849 2749 et
880 2705 972 2749 ,silus
1003 2704 1307 2749 serotentc'lnm
1344 2706 1433 2751 isla
1469 2704 1627 2749 omnia
1647 2740 1655 2756 ,
1704 2703 1810 2748 licet
