1951 3194
144 221 360 273 [699-714]
637 218 790 258 LIBER
820 217 1072 267 QUARTUS.
1479 219 1551 255 271.

142 300 275 347 tione
293 299 558 355 lassaretur,
582 316 641 345 en
661 296 1040 344 Bartholomaeus
1061 293 1179 341 fidus
1199 293 1386 358 adjutor
1402 305 1555 345 matu-

143 379 254 425 tinis
279 377 449 443 vigiliis
476 377 669 424 instanti
695 376 849 440 palam
871 385 1081 439 apparet,
1110 383 1157 421 et
1179 373 1428 438 praeceptis
1458 374 1558 438 spi„

140 456 393 502 ritualibus
439 455 755 519 trepidantem
802 453 1110 510 confortans,
1157 450 1386 497 auxilium
1425 452 1465 498 ei
1507 452 1557 498 in

142 532 365 579 omnibus
387 532 612 597 spondet,
638 542 685 579 et
708 531 756 576 in
782 529 944 575 multis
965 527 1310 576 tentationibus
1328 528 1557 592 promissa

142 628 221 657 sua
246 611 450 658 fideliter
473 609 697 673 complet.

206 687 310 734 Alia
333 688 408 735 die
436 687 531 734 duo
556 687 795 732 daemones
829 685 878 730 in
908 682 1162 730 hominum
1186 683 1340 746 specie
1367 682 1423 729 ad
1449 700 1558 729 eum

143 766 373 822 veniunt,
424 781 627 829 eumque
677 773 912 810 tentantes
962 772 1016 807 ut
1056 761 1262 807 nimium
1299 762 1560 824 jejunando

142 844 347 907 Moysen
380 852 426 890 et
457 842 633 900 Eliam‚
673 841 883 904 aliosque
919 839 1171 903 AEgyptios
1211 849 1366 903 patres
1398 840 1559 886 imita-

143 930 293 978 retur,
329 919 547 966 incitant.
576 919 639 966 At
666 919 743 965 ille
774 917 976 982 psallens
1009 919 1057 964 in
1083 927 1415 981 contemptum
1448 918 1560 964 illo—

142 1013 252 1043 rum
276 996 480 1044 ordeicei
505 996 639 1059 panis
660 994 891 1060 particula
915 994 1037 1040 vesci
1061 994 1229 1059 coepit.

207 1073 478 1139 Aliquando
493 1073 606 1120 dum
623 1074 697 1119 vir
716 1073 800 1119 Dei
821 1072 1020 1137 pervigil
1038 1071 1259 1135 precibus
1279 1072 1559 1136 intempesta

142 1162 284 1199 nocte
310 1153 575 1210 insisteret,
601 1163 808 1198 catervas
833 1150 1110 1197 daemonum
1137 1150 1350 1216 undique
1377 1151 1559 1215 ingredi

144 1230 309 1276 cellam
337 1247 467 1275 suam
495 1228 639 1276 videt.
676 1228 830 1289 Quem
858 1229 1011 1292 ligatis
1036 1228 1263 1276 membris
1296 1238 1425 1275 extra
1464 1230 1561 1275 cel-

143 1306 237 1352 lam
276 1305 486 1363 ducunt,
532 1316 579 1352 et
623 1306 671 1352 in
711 1322 955 1352 coenosam
990 1305 1210 1368 paludem
1249 1306 1557 1369 immergunt.

143 1383 324 1430 Deinde
340 1401 426 1448 per
444 1382 624 1447 paludis
643 1383 899 1447 asperrima
919 1382 1020 1429 loca
1041 1383 1166 1429 inter
1183 1382 1323 1430 densa
1344 1384 1561 1446 veprium

144 1461 319 1507 vimina
339 1470 611 1524 asportant,
636 1470 683 1507 et
700 1470 808 1524 post
826 1460 1211 1507 dilacerationem
1231 1459 1560 1507 membrorum

144 1536 201 1584 de
245 1555 405 1585 cremo
451 1537 586 1583 illum
618 1536 855 1584 discedere
897 1537 1151 1600 imperant.
1194 1536 1301 1597 Quo
1337 1537 1561 1594 nolente,

143 1614 310 1662 ferreis
342 1633 450 1662 eum
484 1614 641 1679 flagris
670 1613 946 1671 verberant,
986 1631 1038 1660 ac
1071 1625 1180 1678 post
1210 1615 1419 1679 ingentia
1458 1625 1564 1661 tor-

144 1704 304 1741 menta
336 1695 462 1741 inter
494 1692 711 1740 nubifera
746 1692 887 1758 gelidi
916 1694 1035 1740 aeris
1071 1693 1216 1757 spatia
1253 1692 1561 1749 subvectant,

146 1772 349 1837 indeque
381 1790 404 1819 a
433 1771 793 1836 septentrionali
825 1772 958 1836 plaga
990 1772 1253 1819 innumeris
1287 1771 1565 1819 daemonum

147 1850 317 1895 turmis
340 1849 703 1897 adventantibus
727 1866 874 1913 usque
893 1849 950 1894 ad
967 1849 1153 1895 Tartari
1177 1848 1332 1895 fauces
1355 1850 1560 1896 minant,

149 1927 287 1973 Tunc
323 1926 581 1973 Guthlacus
615 1927 724 1972 visis
761 1927 990 1991 gehennae
1027 1926 1184 1989 poenis
1217 1937 1445 1984 terretur,
1486 1927 1564 1974 sed

147 2004 289 2049 minis
313 2003 589 2051 daemonum
612 2004 898 2068 contemptis
924 2003 980 2050 acl
999 2006 1151 2052 Deum
1169 2005 1443 2052 medullitus
1467 2023 1563 2051 sus-

148 2081 289 2145 pirat.
311 2080 410 2127 Nec
428 2097 561 2127 mora
580 2081 628 2127 S.
650 2080 1025 2128 Bartholomaeus
1046 2082 1227 2129 coelesti
1247 2083 1351 2129 luce
1364 2082 1566 2146 splendi-

147 2159 234 2204 dus
260 2158 326 2204 illi
355 2159 507 2217 adest,
539 2169 586 2206 et
609 2176 719 2205 cum
745 2177 911 2224 magna
941 2160 1099 2224 quiete
1125 2159 1182 2206 ab
1208 2161 1318 2224 ipsis
1349 2159 1564 2207 hostibus

149 2235 308 2282 reduci
338 2236 396 2283 ad
421 2237 667 2301 propriam
698 2237 854 2284 sedem
877 2237 1033 2301 jubet.
1071 2238 1144 2284 llli
1178 2255 1291 2286 vero
1323 2249 1564 2302 gementes

151 2313 352 2376 apostoli
367 2314 504 2377 jussis
523 2313 872 2372 obsecundant,
903 2326 950 2362 et
967 2316 1117 2381 angeli
1138 2316 1393 2381 gaudentes
1416 2315 1566 2361 dulci-

157 2400 230 2437 ter
250 2391 289 2437 ei
309 2389 497 2437 obviam
518 2403 710 2439 cantant
737 2414 747 2439 ε
776 2393 922 2440 Ibunt
940 2395 1101 2441 sancti
1117 2394 1176 2440 de
1194 2395 1367 2440 virtute
1392 2394 1442 2439 in
1459 2394 1566 2439 vir-

154 2480 294 2515 tutem
316 2470 336 2532 (
345 2469 406 2531 1).

217 2546 463 2593 Multoties
486 2556 531 2593 et
551 2547 714 2594 multis
734 2548 886 2596 modis
904 2549 1143 2596 daemones
1158 2548 1447 2595 Guthlacum
1473 2559 1568 2596 ter-

203 2711 251 2755 (x)
276 2710 407 2745 Psalin.
432 2724 570 2750 [xxxin.
596 2714 625 2745 3.
