1951 3194
78 230 214 282 [1106]
558 232 707 269 LIBER
738 232 977 279 QUINTUs‘.
1399 233 1474 270 440

76 310 329 357 Jerusalem
356 310 471 356 sacta
499 321 590 365 est,
619 310 974 374 multorumque
1000 310 1196 355 maxima
1226 310 1478 374 congloba-

78 388 146 433 tio
171 387 373 432 millium
389 423 401 443 ,
424 386 617 450 pedibus
641 387 733 431 suis
759 388 1043 451 Byzanteum
1069 397 1260 432 stemma
1287 388 1479 451 procul-

78 482 182 511 care
201 465 543 521 minitantium,
561 475 724 511 contra
744 464 944 511 Thraces
959 483 1199 529 progressa
1220 477 1304 512 est.
1329 466 1480 512 Caete-

78 560 186 587 rum
198 542 450 604 justissima
469 542 550 587 Dei
571 541 814 605 dispositio
833 553 1026 588 conatus
1044 545 1481 606 concupiscentium

80 618 297 664 invadere
320 636 419 664 rem
443 618 645 680 proximi
673 618 738 662 sui
768 617 988 663 frustrata
1015 630 1106 675 est3
1139 620 1261 666 unde
1284 619 1482 684 superba

81 697 451 760 conglomeratio
484 694 844 740 ambitiosorum
881 696 1000 741 nihil
1042 714 1233 753 eorum,
1274 715 1380 761 quas·
1418 699 1484 743 in-

82 790 254 818 cassum
276 783 373 817 rata
394 771 571 827 fuerat,
598 771 761 834 adepta
785 782 869 817 est.
895 773 1074 818 Eodem
1093 791 1219 819 anno
1245 774 1366 819 infra
1392 785 1484 820 tres

82 851 358 914 septimanas
375 884 387 905 ,
434 849 605 912 quibus
651 860 852 894 cometes
893 851 1113 904 emicuit,
1159 850 1391 898 Ansoldus
1430 851 1486 897 de

82 927 269 983 Manlia,
293 926 484 973 stimulo
503 926 649 972 divini
673 927 856 972 timoris
872 938 1092 990 punctus,
1117 929 1293 973 curiam
1313 939 1484 974 sanctae

82 1003 242 1049 Mariae
268 1002 511 1048 humiliter
536 1001 676 1058 adiit,
713 1013 758 1048 et
792 1020 880 1065 pro
913 1002 1193 1066 quibusdam
1220 1005 1487 1050 contentio-

82 1079 246 1138 nibus,
273 1096 386 1143 quas
417 1090 581 1124 contra
614 1079 869 1125 monachos
900 1078 1151 1134 habuerat,
1183 1098 1289 1125 cum
1325 1080 1486 1125 multis

82 1156 270 1203 fletibus
294 1158 396 1203 Deo
432 1167 598 1219 sponte
631 1156 867 1203 satisfecit.
904 1156 1081 1202 Deinde
1114 1174 1273 1204 coram
1303 1158 1486 1202 cunctis

84 1234 340 1281 baronibus
364 1235 483 1293 suis,
509 1236 588 1299 qui
616 1236 662 1280 in
689 1235 974 1282 dormitorio
1002 1235 1345 1283 monachorum
1372 1253 1485 1282 con-

82 1313 257 1377 gregati
277 1312 491 1367 aderant,
513 1314 668 1359 omnia
687 1330 793 1377 quae
814 1314 976 1359 Petrus
996 1325 1128 1376 pater
1146 1316 1243 1377 ejus
1274 1324 1320 1360 et
1352 1314 1487 1377 Hugo

83 1407 134 1435 ac
155 1391 363 1453 Paganus
389 1401 435 1435 et
465 1389 754 1445 Anastasius,
784 1401 828 1435 et
867 1389 1129 1436 Rodbertus
1163 1391 1285 1436 filius
1320 1390 1485 1437 Hube-

87 1467 218 1522 linae,
247 1475 291 1511 et
316 1467 522 1512 Hei-vens
544 1466 665 1511 filius
689 1467 911 1512 Heroardi
930 1503 941 1522 ,
968 1478 1012 1513 et
1035 1467 1135 1513 Odo
1162 1467 1283 1513 filius
1302 1466 1485 1513 Gualo-

84 1544 181 1599 nis,
209 1561 259 1589 ac
286 1543 430 1590 Fulco
457 1554 503 1589 et
532 1542 775 1588 Richerius
800 1544 882 1589 filii
910 1543 1170 1600 Fulcherii,
1200 1545 1370 1609 aliique
1396 1544 1486 1591 ho·-

84 1623 232 1668 mines
256 1622 323 1667 sui
351 1623 683 1684 cujuscumque
706 1621 992 1666 conditionis
1016 1623 1136 1677 sint,
1164 1622 1387 1667 dederant
1411 1623 1482 1667 vel

83 1698 235 1743 daturi
275 1708 437 1751 erant,
474 1696 597 1742 unde
630 1697 872 1742 servitium
905 1715 1040 1744 suum
1077 1714 1173 1743 non
1212 1699 1482 1754 amitteret,

83 1775 304 1821 Ecclesiae
328 1775 411 1821 Dei
445 1785 491 1820 et
517 1784 687 1819 sanctae
718 1775 879 1819 Mariae
905 1775 1093 1820 Manliae
1120 1777 1370 1832 concessit3
1405 1777 1483 1821 tali

84 1863 238 1915 pacto,
263 1863 314 1897 ut
338 1853 371 1896 si
394 1851 559 1915 aliquis
583 1869 638 1896 ex
663 1851 770 1912 ipsis
791 1867 879 1914 pro
898 1851 1113 1915 quolibet
1137 1863 1268 1897 reatu
1292 1853 1485 1899 feudum

86 1947 221 1975 suum
246 1929 485 1992 perderet,
513 1928 698 1974 ecclesia
724 1928 990 1973 nullatenus
1021 1928 1332 1993 eleemosynae
1356 1929 1484 1976 dono

87 2007 314 2069 privetur.
341 2006 441 2068 lpse
460 2020 650 2067 quoque
673 2003 905 2048 Ansoldns
925 2003 1150 2049 decimam
1165 2040 1178 2063 ,
1199 2022 1342 2068 quam
1360 2006 1485 2052 Her-

87 2081 238 2128 sendis
262 2098 397 2127 soror
421 2082 516 2143 ejus
541 2081 586 2126 in
610 2080 832 2142 mariagio
858 2079 1106 2135 habuerat,
1137 2091 1181 2124 et
1206 2080 1353 2127 beatae
1377 2083 1484 2128 Ma-

87 2159 169 2204 riae
182 2168 288 2203 ante
303 2157 486 2203 obitum
499 2174 633 2201 suum
645 2155 926 2213 reddiderat,
947 2174 1029 2219 per
1043 2158 1221 2220 virgam
1237 2158 1323 2221 (ι),
1341 2176 1482 2222 quam

90 2235 135 2280 in
169 2251 311 2279 manu
337 2232 559 2279 Johannis
582 2231 799 2278 monachi
834 2243 880 2278 et
905 2232 1167 2297 presbyteri
1203 2233 1480 2292 tradiderat,

89 2315 342 2365 concessit,
378 2320 429 2354 ut
460 2307 653 2354 liberam
684 2320 789 2372 post
823 2308 1007 2355 obitum
1040 2310 1163 2356 Petri
1197 2312 1382 2374 nepotis
1413 2315 1481 2358 sui

89 2388 274 2433 ecclesia
295 2386 518 2431 decimam
542 2386 752 2449 recipiat.
780 2386 947 2432 Aream
968 2404 1157 2451 quoque
1176 2388 1410 2434 molarum
1435 2391 1481 2436 in

90 2597 133 2630 «le
154 2597 319 2642 parente,
341 2594 364 2628 il
394 2595 504 2640 paruit
532 2606 600 2640 qne
627 2594 656 2627 la
685 2601 855 2628 comtesse
880 2595 989 2629 Adi-lo
1013 2596 1214 2631 continuait
1240 2596 1284 2629 de
1304 2596 1334 2630 la
1359 2597 1484 2632 traitcr

90 2668 228 2689 romine
244 2666 278 2687 sa
295 2653 511 2688 belle-ssent:

137 2716 184 2758 (i)
217 2714 285 2758 Vox
297 2725 332 2746 cz
353 2712 550 2749 (ti-(lessus,
576 2726 595 2758 p
630 2715 711 2758 219,
734 2719 815 2745 nole
835 2711 867 2746 3.

189 2791 235 2818 ll.
1234 2793 1294 2835 RQ
