1951 3194
424 270 500 310 190
789 267 1034 307 HISTORIA
1064 266 1469 307 ECCLESIASTICA.
1695 272 1833 322 [1069]

419 355 622 416 igneque
644 348 858 395 furentes
882 347 1083 393 maxima
1114 357 1302 411 patrare
1321 347 1491 395 damna
1518 351 1674 396 conati
1702 361 1830 398 sunt.

417 428 642 476 Protinus
662 425 754 471 illis
772 424 1007 472 Briennus
1027 423 1242 471 Eudonis
1259 425 1446 473 comitis
1464 427 1723 474 Britanniae
1741 429 1835 474 mi-

416 506 549 554 noris
567 504 693 551 filius
705 539 718 560 ‚
743 512 790 550 et
808 501 1090 550 Guillelmus
1108 501 1279 550 Gualdi
1300 521 1408 550 cum
1428 505 1568 550 armis
1589 505 1716 553 obvii
1736 505 1835 554 fue-

415 594 532 632 runt
547 619 560 640 ,
589 592 636 629 et
655 579 841 629 duobus
859 597 959 628 uno
983 579 1058 628 die
1079 580 1382 628 conflictibus
1402 581 1688 629 horrendam
1706 583 1833 629 mul-

414 662 672 709 titudinem
700 661 750 707 in
778 678 881 707 eam
910 660 1196 724 paucitatem
1225 660 1512 725 redegerunt
1530 697 1544 718 ,
1574 672 1628 707 ut
1657 661 1830 709 residui

412 738 594 787 duabus
634 736 815 802 scaphis
852 737 1082 784 subtracti
1122 737 1430 802 aufugerent,
1470 749 1517 785 et
1552 737 1830 785 Hiberniam

412 818 547 863 luctu
569 816 825 880 replerent.
861 814 924 861 At-
952 815 1043 861 nisi
1074 831 1173 862 nox
1199 815 1421 879 praelium
1450 816 1737 871 diremisset,
1771 833 1831 862 ne

411 895 612 942 nuntius
647 892 840 959 quidem
877 892 1018 938 cladis
1052 893 1414 957 repatriavisset.
1446 895 1577 941 Juste
1611 892 1657 940 id
1686 911 1829 941 omen

411 972 693 1020 comitatum
719 981 789 1018 est
816 980 951 1017 natos
978 987 1068 1034 pro
1094 980 1303 1035 tyranno
1329 971 1546 1036 genitore
1572 971 1830 1018 vindictam

409 1059 701 1115 quaerenteS,
723 1058 771 1095 et
793 1046 905 1094 huic
929 1048 1190 1094 intentioni
1216 1064 1356 1111 opem
1379 1048 1599 1095 ferentes.

472 1129 604 1174 Inter
637 1125 739 1172 haec
775 1124 884 1171 Gisa
921 1125 996 1188 (1)
1037 1123 1247 1171 Goduini
1283 1141 1429 1181 uxor,
1467 1125 1656 1172 Heraldi
1691 1126 1829 1190 geni—

408 1206 530 1263 trix,
562 1204 805 1268 ingentem
834 1219 994 1266 gazam
1026 1201 1297 1248 clanculum
1324 1203 1551 1266 sumpsit,
1578 1213 1625 1249 et
1653 1220 1743 1267 pro
1766 1204 1828 1248 ti·-

405 1300 541 1332 more
568 1280 811 1328 Guillelmi
844 1280 967 1345 regis
996 1279 1044 1326 in
1076 1279 1278 1327 Galliam
1308 1297 1408 1327 non
1436 1279 1647 1327 reditura
1680 1290 1829 1326 trans-

403 1361 596 1410 meavit.

469 1443 526 1488 In
566 1439 644 1486 illa
682 1447 960 1502 tempestate
996 1438 1180 1485 Suenus
1214 1454 1298 1483 rex
1333 1437 1580 1483 Danorum
1609 1453 1828 1501 magnam

407 1521 600 1567 classem
626 1518 772 1564 Danis
792 1526 840 1564 et
858 1516 1027 1580 Anglis
1047 1514 1395 1561 accuratissime
1415 1513 1666 1569 instruxit,
1687 1513 1827 1561 duos-

405 1616 498 1663 que
515 1596 637 1645 filios
658 1613 765 1642 suos
788 1605 835 1641 et
854 1593 1123 1641 Osbernum
1146 1593 1343 1640 fratrem
1365 1610 1525 1649 suum,
1552 1591 1825 1656 pontifices-

404 1694 497 1742 que
515 1677 650 1733 du08‚
675 1675 966 1737 comitesque
986 1684 1080 1719 tres
1097 1671 1427 1718 dilectissimos
1447 1671 1662 1735 praefecit
1675 1707 1686 1727 ,
1709 1682 1755 1717 et
1775 1672 1823 1717 in

404 1753 625 1818 Angliam
649 1750 780 1797 misit
804 1749 897 1813 (2).
929 1749 1208 1796 Multotiens
1241 1749 1370 1796 enim
1403 1748 1614 1811 pecuniis
1641 1747 1825 1812 Anglo-

403 1849 513 1877 rum
542 1840 586 1877 et
617 1828 807 1876 obnixis
834 1825 1054 1891 precibus
1085 1826 1242 1872 fuerat
1268 1825 1571 1880 sollicitatus,
1607 1833 1655 1871 et
1684 1825 1822 1870 ruina

405 1925 632 1965 suorum,
670 1906 752 1970 qui
784 1922 940 1968 nuper
978 1904 1028 1949 in
1059 1902 1249 1950 Heraldi
1284 1902 1513 1950 conflictu
1543 1901 1684 1948 occisi
1718 1900 1823 1948 fue—

404 1996 540 2042 rant,
585 1995 775 2038 motus;
823 1982 939 2046 quin
986 1981 1128 2027 etiam
1171 1980 1389 2044 proxima
1433 1979 1717 2044 cognatione
1765 1979 1823 2024 ad

403 2064 536 2129 regni
571 2060 880 2126 cupiditatem
914 2059 1163 2113 incitatUS‚
1200 2070 1253 2105 ut
1287 2070 1399 2123 pote
1434 2075 1582 2122 nepos
1616 2056 1818 2103 Eduardi

449 2303 498 2348 (1)
523 2302 622 2336 Lisez
645 2299 775 2335 Githa.
796 2298 902 2333 Cette
918 2298 1043 2341 dame,
1070 2298 1188 2344 partie
1209 2297 1378 2331 d⁷Exeter
1397 2296 1460 2330 des
1485 2295 1584 2343 1067,
1605 2302 1699 2330 resta
1715 2296 1819 2343 quel-

400 2377 472 2412 que
495 2370 614 2410 temps
631 2360 763 2396 cachee
784 2358 874 2393 dans
891 2358 925 2393 la
947 2359 1061 2405 petite
1078 2357 1126 2392 ile
1143 2357 1189 2391 de
1205 2356 1436 2392 Flat-Holms
1451 2358 1471 2390 a
1487 2355 1763 2391 l’embouchure
1775 2355 1820 2390 de

402 2426 436 2459 la
455 2426 628 2466 Saverne,
657 2421 739 2468 puis
758 2432 874 2467 gagna
893 2418 944 2453 les
964 2418 1062 2453 cotes
1086 2417 1132 2452 de
1157 2416 1336 2459 Flandre,
1364 2423 1401 2450 et
1425 2428 1463 2450 se
1486 2415 1628 2463 refugia
1652 2417 1673 2449 a
1699 2415 1819 2450 Saint-

402 2485 532 2520 Omer.
557 2483 630 2518 Son
650 2493 738 2516 nom
760 2487 815 2515 est
832 2481 924 2515 ecrit
947 2478 993 2512 de
1016 2477 1198 2525 plusieurs
1224 2477 1403 2511 manieres
1432 2475 1521 2511 dans
1545 2475 1579 2510 le
1603 2473 1819 2520 Domesday

405 2545 505 2580 Book
521 2561 528 2578 :
547 2543 691 2586 Ghida,
710 2540 827 2584 Gida,
846 2539 997 2581 Gueda3
1017 2551 1064 2573 on
1087 2552 1109 2585 y
1129 2538 1204 2572 voit
1219 2537 1350 2585 qu⁷elle
1369 2537 1482 2571 tenait
1499 2536 1545 2571 de
1562 2535 1595 2570 la
1613 2546 1815 2577 couronne‚

401 2611 506 2638 avant
524 2604 557 2638 la
575 2601 774 2649 conquete‚
795 2598 1024 2634 trente-neus
1036 2597 1136 2632 mille
1151 2597 1203 2631 six
1222 2602 1322 2631 cents
1340 2607 1439 2631 acres
1458 2595 1504 2630 de
1520 2601 1632 2629 terre.

449 2674 500 2715 (2)
526 2672 631 2706 Cette
650 2670 752 2704 flotte
778 2669 867 2704 etait
882 2679 964 2702 sous
984 2667 1016 2701 le
1034 2665 1354 2701 commandement
1373 2663 1423 2697 du
1444 2661 1575 2697 second
1597 2660 1650 2695 fils
1666 2659 1712 2694 de
1725 2660 1816 2694 Sue'-

404 2743 474 2764 uou
492 2747 496 2763 z
521 2732 659 2770 Canni,
680 2731 743 2777 qui
765 2729 820 2763 sut
836 2727 966 2774 depuis
980 2727 1101 2761 Canut
1119 2726 1172 2761 IV
1187 2724 1361 2769 (1080-10
1377 2722 1499 2768 juillet
1518 2720 1630 2765 1086),
1646 2720 1815 2753 canonise

401 2804 445 2824 (“Ιὶ
470 2803 566 2824 1100.
