1951 3194
302 262 320 297 1
331 258 382 298 40
672 260 916 299 HISTORIA
947 259 1349 301 ECCLESIASTICA.
1474 266 1715 317 [977-1060]

300 338 399 403 agri
431 337 499 383 sui
530 355 724 402 operam
753 338 1004 398 reviseret,
1030 338 1189 386 subito
1212 358 1236 386 a
1261 340 1476 389 daemone
1501 354 1715 408 arreptus

299 426 393 472 est,
417 425 464 461 et
482 417 531 461 in
553 425 739 460 tantum
764 425 955 462 vexatus
980 427 1033 461 ut
1053 434 1172 480 pene
1195 417 1479 465 incessanter
1500 419 1715 468 homines

298 492 523 538 devorare
551 503 599 538 et
622 509 825 557 quaeque
854 492 1174 558 perfringere,
1205 493 1262 539 ab
1287 493 1420 541 hoste
1446 496 1716 543 stimulare-

299 580 397 615 tur.
423 571 538 616 Tres
563 570 720 635 itaque
743 569 913 617 fratres
932 571 1001 616 sui
1020 572 1203 635 jejunio
1222 582 1428 636 quatuor
1444 583 1716 637 temporum

297 648 349 693 in
373 647 516 711 junio
539 646 595 693 ad
621 646 836 694 tumbam
860 648 906 694 S.
931 648 1098 696 Judoci
1124 649 1340 696 vinctum
1364 649 1714 714 perduxerunt,

298 725 460 790 ibique
476 744 500 771 a
517 736 684 790 quarta
701 725 816 773 feria
834 745 980 792 usque
997 726 1054 773 ad
1070 726 1318 774 sabbatum
1332 739 1714 793 permanserunt.

297 804 483 851 Exinde
506 805 712 869 quietius
737 822 784 852 se
810 806 960 869 coepit
988 823 1112 870 aeger
1132 804 1328 862 habere,
1357 816 1402 852 et
1427 806 1608 870 integra
1637 824 1718 853 re-

299 893 432 947 cepta
458 884 681 947 sospitate
705 884 1045 949 perpetualiter
1069 885 1116 930 in
1140 902 1327 931 servum
1351 895 1514 931 sancto
1535 886 1559 931 J
1566 884 1717 933 udoco

298 961 494 1008 tradidit
523 980 587 1009 se.
624 964 725 1010 Hoc
757 963 924 1010 eodem
952 974 1175 1027 rogante,
1207 964 1256 1008 in
1288 963 1541 1011 festivitate
1570 966 1717 1010 sancti

293 1039 492 1086 Joannis
536 1040 759 1104 Baptistae
790 1039 943 1087 VVido
987 1039 1128 1086 abbas
1170 1039 1425 1087 ambonem
1466 1039 1717 1087 ascendens

295 1117 478 1181 populo
510 1119 746 1175 narravit,
786 1119 1034 1183 ipsumque
1067 1128 1351 1182 praesentem
1381 1128 1427 1165 et
1458 1135 1586 1164 casus
1610 1136 1718 1165 suos

295 1193 451 1256 palam
477 1203 824 1257 protestantem
852 1195 1077 1241 ostendit.

363 1270 568 1330 Quidam
601 1270 826 1333 perfectae
862 1272 1012 1318 aetatis
1043 1289 1127 1337 per
1156 1289 1226 1319 v11
1266 1289 1416 1320 annos
1453 1274 1515 1319 ita
1550 1271 1717 1318 surdus

294 1350 492 1406 mansit,
522 1359 576 1395 ut
600 1348 722 1395 nihil
753 1351 941 1414 penitus
969 1351 1171 1398 audiret.
1205 1353 1345 1397 Hunc
1379 1369 1502 1398 uxor
1535 1353 1630 1415 ejus
1661 1350 1718 1396 ad

298 1425 516 1473 tumbam
545 1428 695 1473 sancti
727 1428 817 1473 viri
851 1428 1070 1485 adduxit,
1098 1429 1258 1494 ibique
1287 1430 1585 1495 aliquantum
1611 1448 1718 1477 ora-

295 1505 380 1550 vit.
418 1504 599 1551 Deinde
623 1504 815 1562 mulier,
844 1505 1043 1569 jubente
1067 1506 1318 1563 Pridiano,
1344 1507 1501 1553 virum
1522 1506 1578 1552 ad
1601 1506 1715 1553 fon-

295 1592 392 1628 tem
411 1583 559 1628 sancti
583 1583 609 1628 J
615 1582 751 1629 udoci
776 1583 1026 1646 perduxit,
1055 1593 1102 1630 et
1127 1594 1198 1631 ter
1224 1595 1364 1648 caput
1387 1587 1484 1648 ejus
1509 1585 1717 1648 propriis

295 1660 514 1707 manibus
543 1679 599 1708 ex
620 1679 738 1726 aqua
762 1661 910 1708 fontis
934 1661 1164 1725 perfudit.
1193 1663 1305 1709 Mox
1332 1662 1546 1708 auditum
1575 1680 1717 1709 recu—

293 1740 505 1803 peravit,
547 1757 598 1786 ac
634 1740 690 1785 ad
733 1740 975 1786 ecclesiam
1015 1758 1283 1805 regressus,
1323 1740 1538 1797 missam,
1575 1758 1717 1805 quam

294 1835 379 1881 per
411 1835 480 1864 vn
511 1835 661 1865 annos
691 1836 792 1865 non
819 1817 1053 1875 audierat,
1083 1817 1278 1864 audivit.

360 1897 474 1942 Haec
499 1897 660 1943 omnia
695 1896 1005 1942 Floriacensis
1038 1896 1332 1944 Isembardus
1378 1907 1506 1962 gesta
1536 1908 1718 1961 tempo-

295 1973 427 2020 ribus
452 1974 668 2039 Hugonis
691 1975 849 2039 Magni
876 1991 957 2021 seu
974 1974 1205 2022 Rodberti
1226 1976 1347 2040 regis
1367 1974 1612 2022 Adelelmo
1635 1992 1718 2022 ro-

296 2052 476 2115 gitante
514 2050 761 2114 descripsit
774 2070 787 2106 ;
827 2050 906 2098 sed
937 2061 1096 2114 postea
1129 2051 1291 2098 beatus
1330 2052 1534 2099 Judocus
1567 2051 1715 2098 multa

297 2127 570 2192 petentibus
608 2127 838 2192 magnalia
878 2129 1122 2192 (quamvis
1153 2147 1237 2193 per
1275 2130 1506 2175 incuriam
1543 2129 1714 2192 scripta

296 2222 396 2251 non
424 2205 549 2267 sint>
574 2222 708 2269 agere
729 2221 828 2251 non
859 2204 1056 2252 destitit.
1087 2206 1280 2252 Mutatis
1318 2206 1449 2270 regni
1479 2205 1717 2270 principi—

300 2280 413 2338 bus,
439 2292 485 2328 et
509 2298 604 2327 sese
619 2281 898 2345 proceribus
918 2293 1088 2328 mutuo
1108 2280 1517 2345 perturbantibus,
1543 2282 1715 2328 iterum

302 2377 473 2423 corpus
505 2359 652 2405 sancti
684 2359 852 2405 Judoci
881 2377 971 2423 pro
1003 2360 1176 2408 timore
1207 2358 1413 2406 hostium
1440 2370 1564 2406 terra
1597 2377 1714 2407 coo-

300 2446 492 2500 pertum
516 2446 609 2493 est,
638 2447 682 2483 et
704 2435 883 2482 tamdiu
905 2435 1145 2500 itajacuit,
1168 2434 1320 2483 donec
1340 2435 1563 2482 omnibus
1583 2452 1715 2481 mor-

300 2515 391 2559 tuis
415 2515 496 2578 qui
521 2513 824 2570 abdiderant,
854 2514 1120 2561 communis
1150 2514 1415 2578 ignorantia
1440 2512 1708 2559 involverit.

301 2591 537 2655 Tempore
576 2592 769 2639 Henrici
808 2592 929 2656 regis
956 2592 1276 2647 Francorum,
1314 2588 1556 2638 monachis
1592 2606 1715 2652 saepe

301 2670 705 2731 conquerentibus
725 2669 853 2735 quod
880 2670 1157 2735 ignorarent
1178 2668 1258 2715 ubi
1288 2679 1515 2733 patronus
1546 2683 1713 2713 eorum

298 2744 611 2806 requiesceret
634 2747 864 2801 Judocus,
898 2747 1081 2793 cuidam
1112 2746 1311 2809 simplici
1346 2744 1462 2789 laico
1487 2743 1711 2789 divinitus
