1951 3194
127 229 397 278 [1076-1078]
626 230 779 269 LIBER
809 231 1053 280 QUINTUS.
1464 237 1542 275 :305

126 305 421 353 Normannia
454 325 562 354 cum
590 310 771 373 ingenti
808 311 1019 374 tripudio
1047 312 1271 360 dedicatae
1304 324 1445 370 sunt;
1486 315 1543 361 ad

125 402 239 447 quas
263 403 347 432 rex
367 395 411 432 et
431 387 591 450 regina
613 404 720 433 cum
739 387 848 433 filiis
867 389 959 434 suis
978 389 1224 437 Rodberto
1245 401 1385 456 atque
1403 391 1543 437 Guil-

125 460 270 508 lelmo
283 497 296 519 ,
320 473 367 509 et
389 463 571 528 ingenti
587 463 856 528 frequentia
874 467 1160 528 optimatum
1186 480 1232 515 et
1251 469 1542 532 populorum

124 539 382 586 affuerunt.
404 541 623 588 Matrices
647 541 852 587 ecclesiae
876 542 1144 591 Baiocensis
1170 557 1218 592 et
1241 545 1544 593 Ebroicensis

126 617 420 682 episcopatus
458 631 505 666 et
541 619 782 665 Beccensis
820 620 1032 667 coenobii
1074 622 1299 670 dedicatae
1340 635 1453 671 sunt
1494 626 1543 671 in

127 694 311 744 honore
353 708 525 743 sanctae
566 696 648 742 Dei
689 697 932 760 genitricis
966 710 1012 745 et
1050 712 1292 764 perpetuae
1330 703 1545 767 Virginis

128 774 291 820 Mariae
320 775 406 837 (1).

191 850 372 897 Eodem
397 867 590 914 quoque
612 868 741 899 anno
766 853 1050 900 coenobialis
1076 853 1261 900 basilica
1285 856 1332 902 in
1357 856 1543 904 honore

128 932 275 977 sancti
310 931 534 995 Stephani
565 935 937 998 protomartyris
967 934 1090 998 apud
1123 935 1385 983 Cadomum
1414 938 1548 985 dedi-

127 1018 226 1054 cata
253 1018 321 1055 est
352 1009 458 1072 (2);
499 1011 574 1055 cui
608 1028 631 1056 a
671 1029 778 1076 rege
812 1023 859 1058 et
888 1012 1169 1077 proceribus
1205 1017 1302 1078 ejus
1338 1016 1549 1080 locuples

124 1085 208 1131 dos
222 1095 362 1150 atque
376 1086 634 1132 multarum
655 1089 790 1151 copia
808 1106 1028 1153 gazarum
1045 1089 1151 1136 data
1170 1101 1239 1138 est
1256 1092 1350 1155 (5).
1368 1093 1550 1138 Harum

125 1162 443 1211 dedicationes
455 1165 756 1211 ecclesiarum
768 1167 794 1212 J
797 1166 1007 1214 ohannes
1023 1169 1383 1234 Rotomagensis
1398 1169 1550 1217 archi-

125 1241 392 1305 episcopus,
415 1251 461 1288 et
484 1241 761 1307 suffraganei
781 1246 878 1307 ejus
902 1244 1108 1308 episcopi
1133 1246 1445 1294 Normanniae
1468 1265 1550 1294 so-

125 1319 348 1366 lemniter
372 1331 595 1384 egerunt3
621 1338 729 1367 cum
753 1340 781 1386 q
791 1321 927 1367 uibus
951 1323 1198 1370 reverendi
1223 1326 1547 1389 metropolitae

126 1396 415 1443 Lanfrancus
442 1408 489 1444 et
511 1398 742 1455 Thomas,
769 1411 815 1445 et
840 1399 979 1445 multi
1008 1400 1197 1449 abbates
1213 1437 1226 1457 ‚
1255 1412 1302 1448 et
1321 1403 1440 1449 mira
1459 1420 1549 1467 po-

124 1475 349 1538 pulorum
374 1476 635 1523 multitudo
659 1477 917 1524 affuerunt.

187 1552 484 1600 Venerabilis
503 1555 759 1600 Herluinus
775 1554 916 1600 abbas
938 1555 1147 1602 dedicata
1163 1557 1384 1604 Beccensi
1402 1558 1546 1605 eccle-

125 1631 187 1675 sia
213 1631 346 1677 valde
364 1632 546 1695 gavisus
571 1642 662 1687 est,
688 1633 882 1696 visoque
905 1632 1034 1696 quod
1056 1632 1363 1681 vehementer
1387 1635 1435 1681 in
1457 1633 1547 1681 hoc

123 1707 297 1755 saeculo
321 1707 686 1764 desideraverat,
710 1709 907 1755 ulterius
935 1710 1061 1756 inter
1084 1712 1309 1759 mortales
1333 1729 1547 1759 commo-

124 1786 217 1831 rari
242 1785 518 1849 dedignatus
540 1798 625 1832 est.
654 1787 742 1833 Hic
766 1805 892 1834 anno
915 1788 1180 1835 Dominicae
1206 1789 1548 1837 incarnationis

172 1960 220 2003 (1)
249 1961 294 1993 La
317 1959 486 1994 dedicace
513 1960 558 1994 de
585 1960 617 1994 la
641 1959 850 1994 cathedrale
871 1952 1049 1995 d'Evreux
1076 1962 1192 2007 parait
1211 1963 1311 1997 avoir
1334 1975 1379 1997 eu
1404 1963 1479 1998 lieu
1499 1976 1544 1998 en

131 2016 234 2065 1076,
254 2017 342 2052 celle
361 2018 406 2053 de
423 2019 456 2052 la
473 2018 681 2053 cathedrale
699 2018 744 2053 de
762 2018 905 2065 Bayeux
924 2031 969 2053 en
992 2032 1092 2068 1077,
1113 2027 1149 2054 et
1168 2019 1258 2055 celle
1277 2021 1322 2056 de
1336 2021 1473 2068 l’eglise
1491 2023 1542 2057 (lu

126 2077 194 2112 Bec
212 2077 245 2112 le
264 2076 308 2112 ‘23
328 2078 476 2112 octobre
495 2078 539 2112 de
556 2078 588 2112 la
607 2078 726 2113 menie
746 2079 872 2112 annee.
892 2078 998 2113 Cette
1013 2078 1182 2113 dormiere
1197 2079 1253 2114 fut
1271 2080 1357 2115 faite
1372 2093 1437 2128 par
1453 2083 1542 2117 Lan-

124 2137 237 2171 sranc.
260 2137 290 2171 Il
308 2138 397 2172 n’est
412 2150 474 2184 pas
493 2139 568 2171 vrai
588 2150 658 2184 que
673 2137 705 2172 le
724 2138 777 2171 roi
798 2144 834 2171 et
854 2137 887 2171 la
901 2138 1002 2172 reine
1022 2152 1045 2184 *V
1064 2139 1164 2173 aient
1180 2140 1317 2174 assiste.

170 2196 220 2240 (2)
246 2196 352 2230 Cette
374 2195 544 2230 dedicace
565 2196 622 2230 fut
644 2196 730 2230 faite
751 2208 816 2242 par
837 2195 1088 2243 l⁷archev⁶2=que
1111 2198 1200 2232 Jean
1224 2197 1490 2241 d’Avraneloes,
1511 2199 1544 2234 le

129 2251 169 2287 15
185 2253 389 2299 septembre
412 2266 510 2301 ¹077·

171 2310 220 2357 (3)
247 2312 295 2346 La
315 2312 439 2346 charte
456 2313 504 2346 ou
519 2319 601 2346 sont
615 2312 829 2359 consignees
844 2312 893 2346 les
913 2312 1108 2347 donations
1126 2312 1176 2346 (lu
1195 2313 1249 2347 roi
1265 2313 1383 2357 (Gall.
1407 2314 1541 2349 Christ.

125 2383 204 2414 xm,
226 2373 395 2405 instrum.
424 2372 512 2405 eccl.
534 2371 677 2418 Bajoc.,
701 2384 732 2405 c.
753 2370 817 2416 66)
838 2378 891 2405 est
907 2372 1116 2406 anterieure
1141 2371 1187 2406 de
1204 2371 1385 2418 plusieurs
1411 2373 1505 2407 mois
1525 2376 1544 2408 a

124 2431 156 2464 la
177 2429 366 2473 dedicace‚
394 2430 609 2477 puisqu’elle
628 2439 732 2477 porte
755 2432 787 2465 la
808 2431 1052 2477 souscription
1070 2431 1115 2466 de
1139 2432 1314 2477 Hugucs,
1342 2433 1479 2480 cveque
1497 2433 1542 2468 de

125 2492 286 2533 Lisieux,
309 2491 373 2538 qui
399 2497 550 2524 mourut
574 2490 606 2524 le
634 2503 673 2538 17
694 2491 817 2536 juillet
839 2491 1049 2537 precedent.
1077 2491 1174 2527 Celle
1198 2492 1261 2538 qui
1285 2492 1468 2527 renferme
1491 2493 1541 2528 les

124 2551 320 2585 liberalites
337 2550 399 2585 des
419 2551 607 2596 seigneurs
621 2551 818 2585 normands
832 2551 952 2594 (ibid,
972 2563 1002 2585 c.
1023 2555 1086 2599 72)
1099 2579 1107 2594 ,
1125 2558 1178 2586 cst
1193 2564 1239 2585 au
1257 2553 1439 2587 contraire
1455 2565 1539 2600 pos-

126 2612 283 2645 terieure
301 2610 345 2645 de
365 2611 547 2657 plusieurs
563 2612 707 2644 annces.
730 2611 972 2653 Neanmoins,
994 2610 1025 2644 la
1044 2612 1225 2657 premiere
1242 2611 1417 2647 donation
1439 2614 1500 2660 qui
1518 2627 1541 2658 y

128 2670 242 2715 ligure
256 2678 310 2705 est
328 2672 515 2716 presentet}
535 2682 675 2704 comme
698 2677 806 2715 ayant
823 2670 973 2704 ‹l’abord
993 2672 1051 2704 e'te
1077 2671 1162 2705 faite
1185 2679 1292 2705 avant
1318 2679 1411 2707 cette
1437 2673 1539 2707 dedi-

128 2742 226 2771 cace,
248 2732 327 2775 puis
348 2730 500 2776 deposee
521 2742 581 2763 sur
599 2729 718 2763 rante!
738 2729 769 2763 lc
784 2730 869 2773 jour
888 2729 932 2763 dc
953 2729 983 2764 la
1004 2730 1224 2764 cert—monio.

226 2804 275 2833 ll.
1287 2808 1344 2835 20
