1951 3194
139 170 238 217 [pos'r
260 168 377 217 1063]
633 163 786 203 LIBER
814 163 1047 202 TERTIUS.
1475 166 1549 202 109

136 262 242 290 rum
266 245 369 308 (ι),
391 244 473 308 qui
500 244 548 289 in
570 260 691 308 pago
714 242 1031 289 Constantino
1048 239 1224 288 divitiis
1248 251 1294 287 et
1318 249 1550 304 potestate

137 321 260 367 inter
277 321 318 367 N
327 320 589 367 ormanniae
613 336 831 383 proceres
853 317 1113 374 eminebat,
1141 316 1350 374 secessit,
1376 327 1422 363 et
1449 326 1546 362 tarn

134 396 257 460 apud
295 396 431 442 illum
469 413 612 459 quam
646 395 768 459 apud
807 394 921 441 alios
954 395 1129 442 amicos
1165 411 1272 442 suos
1302 394 1351 439 in
1386 394 1545 440 vidui-

135 484 230 520 tate
258 490 378 537 pene
407 490 505 519 xxx
529 472 663 518 annis
695 470 891 517 honeste
915 471 1051 517 vixit.
1078 471 1300 517 Castitate
1328 482 1374 517 et
1404 489 1544 518 man-

132 550 406 606 suetudine,
441 550 635 614 aliisque
660 548 799 595 bonis
826 547 1151 595 honestatibus
1182 547 1427 595 laudabilis
1458 567 1543 597 ex·-

133 629 228 675 titit
250 665 263 686 ,
305 646 356 674 ac
400 628 455 674 ad
496 628 720 673 ultimum
758 643 908 690 prope
955 625 1099 672 finem
1144 644 1281 672 suum
1320 627 1542 675 saeculare

130 705 311 753 schema
346 706 568 770 reliquit,
596 715 642 751 et
672 722 696 750 a
727 704 907 752 domno
931 704 1137 768 Rogerio
1168 702 1335 751 abbate
1358 706 1541 752 Sanctae

131 785 377 831 Trinitatis
395 783 595 848 Exaquii
620 783 691 846 (2)
716 800 899 828 sacrum
920 782 1134 830 velamen
1153 800 1263 829 cum
1285 783 1540 831 devotione

127 861 320 924 accepit.

191 937 472 984 Willermus
486 937 543 985 de
559 938 806 985 Excalfoio
819 938 1166 1002 primogenitus
1180 936 1375 983 Ernaldi
1392 936 1535 994 filius,

126 1027 179 1061 ut
213 1034 362 1063 annos
396 1015 722 1063 adolescentiae
751 1016 930 1081 attigit,
968 1015 1147 1061 curiam
1179 1014 1384 1078 Philippi
1417 1014 1539 1079 regis

127 1092 422 1140 Francorum
444 1092 559 1139 adiit
575 1128 588 1148 ,
614 1093 829 1157 regisque
853 1093 1059 1157 armiger
1082 1091 1231 1138 factus
1251 1091 1292 1138 ei
1316 1090 1534 1148 servivit,

126 1168 275 1216 donec
301 1168 358 1214 ab
382 1186 437 1216 eo
457 1187 584 1215 arma
608 1170 828 1215 militaria
853 1169 1049 1233 accepit.
1084 1168 1262 1215 Deinde
1285 1168 1504 1232 Apuliam
1520 1204 1533 1224 ,

127 1245 205 1292 ubi
234 1258 448 1310 parentes
470 1265 652 1312 magnae
674 1247 978 1294 sublimitatis
1002 1246 1227 1301 habebat,
1258 1246 1479 1311 appetiit;
1510 1263 1535 1291 a

122 1323 295 1388 quibus
318 1324 628 1371 amicabiliter
652 1335 889 1381 retentus,
915 1343 1001 1388 per
1023 1324 1250 1388 plurimas
1274 1323 1535 1387 probitates

123 1400 450 1464 multipliciter
473 1401 695 1448 excrevit.
722 1401 792 1447 Ibi
820 1401 1033 1450 nobilem
1058 1402 1116 1448 de
1143 1419 1314 1465 genere
1343 1403 1535 1465 Lango-

121 1477 378 1525 bardorum
402 1483 650 1544 conjugem
677 1480 883 1543 accepit,
907 1489 952 1525 et
973 1479 1314 1543 possessionem
1339 1478 1533 1542 triginta

122 1556 422 1619 castellorum
440 1556 526 1603 sub
543 1556 779 1604 Rotberto
800 1557 975 1603 comite
991 1555 1220 1603 Lorotelli
1242 1556 1312 1619 (ὃ)
1324 1592 1337 1613 ,
1359 1565 1533 1619 nepote

120 1632 297 1678 scilicet
315 1633 569 1691 Wiscardi,
591 1632 820 1680 obtinuit.
843 1637 909 1679 Ex
927 1631 1125 1679 fecunda
1149 1632 1348 1678 muliere
1369 1632 1532 1677 multi-

118 1709 290 1772 plicem
317 1711 559 1775 utriusque
582 1728 716 1757 sexus
745 1709 960 1757 sobolem
987 1709 1165 1772 recepit
1183 1744 1195 1765 ‚
1222 1720 1268 1755 et
1291 1708 1533 1755 Norman-

119 1803 293 1831 norum
312 1786 517 1844 oblitus,
541 1788 665 1834 inter
683 1787 895 1835 Winilos
916 1788 987 1851 (4)
1009 1787 1108 1833 fere
1132 1803 1192 1833 XL
1215 1787 1351 1832 annis
1376 1786 1530 1834 hono-

118 1861 330 1909 rabiliter
352 1865 487 1910 vixit.

165 2010 215 2054 (1)
240 2010 354 2045 Notre
373 2017 503 2044 auteur
521 2010 680 2045 confond
704 2011 750 2045 ici
776 2010 1168 2056 Endon-au-Chapeau
1196 2008 1324 2053 (Eudo
1348 2023 1429 2043 cum
1458 2011 1527 2044 Ca-

117 2067 246 2112 pella),
270 2068 323 2102 fils
341 2069 385 2103 de
404 2070 579 2103 Toustain
604 2069 746 2103 Halcluc
768 2076 804 2103 et
823 2069 976 2102 vicomte
992 2068 1041 2101 du
1061 2068 1254 2110 Cotentin‚
1276 2080 1358 2101 avec
1379 2068 1528 2102 Eudon-

119 2124 343 2174 le-Dapg'fer,
362 2127 437 2162 l’un
451 2128 514 2162 des
529 2128 582 2162 fils
594 2128 775 2163 d‘Hubert
792 2127 837 2162 de
852 2127 932 2162 Rie.
948 2126 1316 2173 Eudon-le—Dapffet·
1330 2127 1385 2161 n'a
1400 2128 1529 2173 jamais

121 2184 242 2219 habite
260 2186 293 2220 le
311 2187 497 2222 Cotentin.

166 2245 215 2289 (2)
241 2245 376 2292 Roger,
399 2249 519 2282 moine
545 2248 595 2282 du
621 2248 707 2291 Elec,
729 2248 888 2294 premier
906 2246 999 2281 abbe
1024 2246 1069 2280 de
1094 2247 1211 2280 Lessai
1233 2244 1421 2292 (1056-29
1445 2246 1529 2290 juin

124 2307 211 2351 1094
232 2317 279 2338 ou
298 2305 318 2340 5
338 2307 467 2342 fevrier
489 2307 602 2355 1106).
623 2309 673 2343 Ce
692 2309 748 2342 sut
771 2321 817 2343 en
847 2309 933 2355 1194
950 2307 1142 2354 qu‘Emma
1166 2314 1270 2354 recut
1293 2306 1325 2341 le
1346 2305 1439 2340 voile
1465 2305 1529 2339 des

122 2364 237 2398 mains
255 2365 300 2399 de
318 2373 374 2400 cet
390 2366 492 2402 abbe.

167 2423 216 2470 (5)
243 2425 384 2459 Robert
397 2425 441 2460 de
461 2427 642 2470 Loritelle‚
660 2427 714 2462 fils
728 2427 772 2462 de
785 2427 961 2470 Geoffroi,
981 2427 1076 2462 frere
1090 2426 1316 2472 consanguin
1329 2425 1374 2459 de
1390 2425 1529 2459 Robert

120 2482 320 2527 Guiscard‚
344 2491 379 2518 et
404 2492 520 2519 comte
544 2485 589 2519 de
615 2486 647 2520 la
667 2487 893 2532 Capitanate.
920 2485 1090 2519 Loritelle
1116 2492 1170 2519 est
1198 2483 1431 2529 aujourd⁷hui
1450 2483 1527 2518 Ro-

121 2541 225 2585 tello,
248 2543 417 2578 domnine
438 2544 536 2589 royal
555 2545 670 2579 voisin
685 2545 729 2579 de
750 2546 884 2579 Lucere
901 2545 1156 2590 (Capitanate).

168 2602 217 2646 (4)
232 2602 345 2636 ,Νοιις
364 2616 471 2637 avons
497 2603 575 2648 ‹leja
601 2615 647 2636 vu
665 2605 683 2637 a
706 2603 885 2649 plusieurs
903 2603 1058 2649 reprises
1076 2609 1181 2637 notre
1198 2610 1328 2638 auteur
1345 2602 1530 2649 employer

122 2673 160 2694 ce
182 2668 255 2696 mot
274 2662 319 2696 de
345 2664 470 2697 Wim'li
483 2676 527 2697 ou
556 2664 696 2697 Gm'm‘li
712 2676 806 2709 pour
825 2663 995 2710 designer
1014 2663 1064 2698 les
1085 2662 1294 2698 Lombards.
