1951 3194
539 206 692 244 LIBER
722 206 963 255 QUINTUS.
1392 210 1470 247 333

58 285 173 331 feste
206 285 366 348 prodit
403 303 508 349 qua:
543 306 655 351 gens
688 287 764 333 illa
796 287 965 344 fuerit,
1002 288 1072 334 vel
1105 287 1228 335 unde
1253 290 1465 346 venerit,

56 361 151 408 sive
174 360 261 407 sub
280 379 376 426 quo
396 363 611 427 principe
634 364 707 411 vel
729 375 937 428 tyranno
955 365 1158 412 saevierit
1171 384 1184 421 ;
1207 382 1313 430 quae
1339 365 1467 413 into-

58 436 315 485 lerabiliter
335 439 625 488 Christianos
649 452 694 487 et
718 441 938 488 idolatras
958 443 1261 507 oppresserit.
1282 444 1337 489 In
1356 443 1468 507 plu-

54 514 186 560 rimis
218 526 371 562 tamen
398 518 538 580 gestis
563 518 847 564 Sanctorum
874 519 999 564 illius
1028 520 1254 583 temporis
1282 519 1466 584 liquido

53 593 248 655 patescit
276 595 405 657 quod
430 594 518 639 snb
542 593 781 657 praedictis
804 595 1102 659 principibus
1132 596 1322 661 quidam
1352 615 1466 643 cru-

52 669 166 715 delis
190 680 237 716 et
260 669 488 717 barbarus
507 671 740 718 exercitus
759 689 960 735 regnum
982 672 1146 720 Galliae
1170 676 1312 720 nimis
1330 676 1467 721 attri-

52 747 190 792 verit.
222 748 293 794 Eo
324 758 537 811 tempore
564 746 723 792 nullus
748 765 828 794 rex
862 748 910 793 in
937 748 1086 794 Gallia
1113 760 1237 805 erat,
1270 751 1349 797 sed
1372 752 1466 797 im·-

50 835 242 887 perator
265 826 594 872 Romanorum
617 843 640 871 a
673 825 785 872 Caio
813 825 942 872 Julio
965 826 1146 873 Caesare
1171 828 1463 892 Cis-Alpinis

49 901 273 947 omnibus
310 902 592 965 imperabat,
636 913 682 949 et
713 903 934 966 praesides
968 904 1172 968 aliasque
1209 915 1463 968 potestates

49 979 242 1042 singulis
264 978 465 1025 urbibus
488 980 544 1025 ad
566 978 759 1026 libitum
785 998 922 1026 suum
946 980 1194 1045 dirigebat.

113 1055 365 1102 Silentium
396 1056 452 1103 de
488 1057 592 1103 Deo
623 1074 849 1121 magnum
887 1057 981 1103 fuit
1011 1058 1059 1103 in
1098 1058 1315 1105 Neustria
1354 1072 1462 1124 post

48 1130 235 1179 obitum
271 1134 418 1179 sancti
458 1133 671 1197 praesulis
706 1134 935 1192 Taurini,
975 1152 1122 1199 usque
1156 1135 1213 1181 ad
1251 1146 1461 1200 tempora

50 1210 331 1257 Diocletiani
363 1222 410 1257 et
442 1211 744 1268 Maximiani3
777 1229 799 1256 a
835 1211 1010 1275 quibus
1040 1212 1158 1259 facta
1189 1224 1257 1259 est
1282 1214 1460 1261 decima

51 1287 200 1334 clades
217 1288 394 1335 furoris
411 1288 650 1344 diabolici,
672 1306 779 1353 quae
797 1289 983 1352 gravius
999 1307 1052 1335 ac
1070 1289 1343 1337 diuturnius
1359 1292 1460 1337 aliis

49 1366 201 1411 saeviit
214 1367 262 1412 in
282 1366 539 1412 Ecclesiam
556 1366 748 1412 Christi.
766 1367 1003 1412 Caeterum
1021 1367 1118 1424 ille,
1135 1369 1217 1432 qui
1235 1369 1327 1414 suis
1341 1388 1460 1415 scm-v

49 1459 134 1505 per
152 1460 198 1489 se
213 1443 473 1488 affuturum
487 1459 582 1490 esse
599 1443 835 1507 promisit,
865 1444 912 1488 in
931 1443 1170 1490 immensis
1189 1443 1460 1493 tribulatio-

47 1538 165 1566 num
194 1521 412 1584 procellis
448 1538 665 1584 sponsam
698 1539 827 1567 suam
859 1520 1142 1568 mirabiliter
1166 1522 1459 1569 confortavit

47 1614 99 1643 ac
131 1596 374 1654 liberavit,
409 1599 618 1661 protexit
653 1616 705 1644 ac
737 1598 980 1654 exaltavit,
1018 1609 1064 1644 et
1093 1598 1457 1646 honorabilibus

48 1674 299 1739 triumphis
323 1675 476 1738 palam
499 1675 833 1740 magnificavit.
864 1677 1063 1739 Insuper
1087 1685 1270 1723 aeterno
1294 1675 1456 1724 diade-

46 1762 170 1799 mate
194 1769 355 1799 coram
385 1764 516 1816 patre
546 1770 630 1800 suo
657 1753 706 1798 in
734 1752 914 1799 coelesti
939 1753 1197 1800 Jerusalem
1225 1771 1456 1802 remune-

46 1829 187 1876 rabit.
224 1830 354 1893 Ergo
383 1847 525 1895 quam
551 1840 740 1876 tantum
764 1830 942 1893 diligit,
976 1830 1101 1876 inter
1124 1830 1269 1877 furias
1293 1849 1454 1894 perse-

46 1907 296 1970 quentium
322 1906 586 1970 paedagogis
606 1905 869 1952 illustribus
887 1907 1106 1963 destitui,
1133 1907 1216 1953 diu
1244 1924 1342 1955 non
1367 1910 1454 1956 de·—

47 1983 124 2028 siit
149 1984 238 2046 (1).

111 2061 236 2107 Dum
256 2061 432 2108 decima
452 2063 714 2124 persecutio
733 2078 816 2125 per
835 2061 996 2108 decem
1014 2078 1163 2108 annos
1177 2061 1452 2109 Christianis

45 2139 237 2186 fortiter
276 2140 547 2186 immineret
565 2175 578 2196 ,
620 2149 665 2186 et
709 2139 955 2185 innumera
997 2149 1267 2204 martyrum
1305 2141 1449 2187 millia

44 2217 206 2264 multis
235 2217 579 2281 suppliciorum
602 2216 853 2282 generibus
886 2216 1170 2273 trucidaret,
1203 2228 1249 2264 et
1281 2235 1452 2265 cruore

45 2296 253 2358 pretioso
292 2296 494 2359 gloriose
530 2295 745 2343 decorata
791 2294 847 2341 ad
883 2295 1030 2342 coelos
1071 2296 1446 2351 transmitteret,

45 2372 304 2431 Quintinus
327 2382 374 2418 et
394 2372 626 2418 Lucianus
642 2408 655 2429 ,
680 2372 954 2419 Valerianus
970 2408 983 2430 ,
1007 2372 1206 2418 Rufinus
1223 2382 1270 2419 et
1292 2373 1450 2438 Euge-

44 2450 177 2509 nius,
202 2450 436 2497 Mallonus
460 2461 508 2497 et
538 2450 815 2507 Avicianus,
845 2451 1018 2515 aliique
1052 2451 1210 2514 plures
1232 2450 1290 2498 de
1320 2451 1448 2498 clero

90 2645 139 2688 (ι)
163 2645 267 2680 Cettc
286 2645 415 2691 phrase
440 2656 531 2679 nous
551 2645 667 2691 parait
683 2647 781 2680 avoir
801 2658 851 2680 un
871 2658 950 2682 sens
973 2648 1257 2694 completement
1278 2651 1412 2696 oppose
1431 2652 1449 2683 ἐι

47 2702 138 2738 celui
157 2705 239 2751 qu’a
259 2705 365 2740 voulu
385 2705 567 2751 exprimer
588 2712 691 2739 notre
711 2712 852 2740 auteur.
