1951 3194
129 253 343 301 [870-955]
614 250 767 288 LIBER
797 248 1049 298 QUARTUS.
1465 250 1537 285 281

197 329 478 394 [870-955.]
519 329 673 376 Variis
703 328 942 376 bellorum
984 325 1340 391 tempestatibus
1374 326 1539 391 Anglia

127 407 433 472 postmodum
447 407 722 471 perturbata
741 417 828 463 est,
850 416 897 452 et
919 404 1131 451 barbaris
1147 403 1233 450 sub
1247 402 1445 450 ducibus
1463 405 1545 449 In-

127 503 243 550 guar
258 497 305 532 et
322 483 549 531 Halfdene
567 502 619 531 ac
638 482 860 539 Gudrun,
879 483 1076 547 aliisque
1094 482 1310 547 tyrannis
1330 499 1544 546 superve-

130 561 373 610 nientibus
397 579 419 607 a
451 561 592 607 Dacia
622 560 695 607 vel
724 560 1015 623 Norregania
1043 561 1144 624 (1),
1173 559 1545 624 Angligenarum

129 656 322 703 regum,
359 639 443 703 qui
476 637 755 683 naturaliter
794 635 979 700 Angliae
1024 636 1341 699 praefuerant,
1386 645 1548 682 muta-

130 716 261 762 tione
299 714 445 770 faeta,
481 712 801 759 crulandense
831 712 1172 758 monasterium
1206 711 1548 776 depopulatum

131 804 223 849 est,
259 793 379 838 sieut
402 791 488 837 alia
516 790 747 854 plurima;
783 799 1063 836 ornamenta
1096 807 1175 835 sua
1207 788 1294 835 sibi
1330 800 1441 835 sunt
1466 807 1548 835 su-

130 871 255 916 blata
293 880 339 916 et
368 868 493 914 villae
518 868 792 924 devastatae,
825 866 1047 932 laicisque
1072 878 1239 916 contra
1265 867 1549 914 canonicum

123 951 199 1012 jus
227 949 275 993 in
298 948 569 995 dominium
588 947 808 992 redactae.
832 945 921 992 Sed
938 945 1097 991 divina
1120 946 1291 1010 pietas,
1314 963 1422 1011 quae
1439 962 1550 1009 per-

129 1025 279 1070 mittit
308 1034 507 1088 propter
539 1033 727 1087 peecata
753 1022 918 1086 populi
947 1022 1220 1087 hypocritas
1255 1040 1338 1085 per
1368 1022 1551 1086 aliquot

131 1101 358 1165 temporis
380 1117 594 1163 regnare,
620 1100 756 1146 novit
781 1100 924 1145 etiam
949 1100 1179 1164 castigatis
1200 1098 1309 1145 filiis
1335 1108 1550 1162 tempora

130 1197 290 1226 serena
315 1196 399 1242 per
428 1177 889 1224 administrationem
922 1176 1249 1241 legitimorum
1275 1176 1548 1240 principum

130 1257 470 1321 redintegrare.
507 1255 673 1312 Unde,
702 1254 911 1319 praefatis
943 1255 1158 1319 tyrannis
1189 1255 1300 1319 (qui
1333 1264 1550 1300 sanetum

130 1333 440 1380 Edmundum
457 1334 794 1399 Estanglorum
813 1351 971 1397 regem
999 1351 1107 1379 eum
1130 1333 1293 1380 multis
1317 1333 1417 1379 aliis
1437 1332 1550 1379 fide-

133 1412 256 1458 libus
274 1413 387 1458 'viris
410 1412 714 1469 oeciderunt,
746 1423 793 1459 et
813 1412 1025 1459 eeclesias
1044 1422 1316 1459 sanctorum
1343 1421 1390 1459 et
1415 1410 1553 1458 habi-

135 1490 284 1536 tacula
311 1489 694 1537 Christianorum
718 1490 825 1555 igne
849 1490 1225 1552 succenderunt>
1245 1489 1409 1536 divino
1429 1499 1552 1534 nutu

133 1567 414 1630 peremptis,
444 1567 515 1613 vel
551 1567 643 1614 alio
677 1566 894 1632 quolibet
920 1566 1064 1613 modo
1089 1566 1305 1630 dejectis,
1332 1565 1553 1612 Alfredus

133 1645 368 1691 Adelvulfi
391 1645 510 1709 regis
530 1645 653 1691 filius
671 1645 982 1709 Deojuvante
1002 1644 1275 1708 praevaluit,
1303 1653 1350 1690 et
1371 1643 1553 1707 primus

135 1724 354 1770 omnium
376 1741 541 1788 regum
561 1722 888 1770 monarchiam
908 1723 1054 1769 totius
1074 1722 1260 1786 Angliae
1279 1722 1406 1768 solus
1429 1719 1553 1767 obti-

135 1802 257 1847 nuit.
285 1802 397 1847 Post
420 1801 548 1848 hunc
572 1801 820 1848 Eduardus
842 1800 965 1848 filius
990 1803 1110 1865 ejus,
1143 1801 1225 1865 qui
1251 1800 1410 1847 senior
1434 1814 1553 1862 eog-

136 1878 492 1935 nominabatur,
510 1877 593 1924 diu
610 1879 794 1924 utiliter
813 1878 1054 1942 regnavit3
1076 1877 1379 1941 moriensque
1400 1875 1552 1921 tribus

138 1953 246 1999 filiis
269 1955 361 2000 suis
391 1953 648 2000 Edelstano
680 1964 726 2000 et
754 1952 1012 1999 Edmundo
1047 1970 1099 1998 ae
1127 1952 1318 1999 Edredo
1351 1968 1553 2015 regnum

138 2031 347 2095 reliquit.
384 2030 475 2090 Qui
501 2048 702 2095 regnum
724 2030 908 2094 Angliae
932 2046 1097 2076 omnes
1122 2046 1208 2093 per
1236 2028 1456 2075 ordinem
1479 2037 1554 2073 te-

138 2119 349 2154 nuerunt
362 2144 374 2164 ,
404 2118 449 2153 et
477 2108 677 2172 quisque
701 2117 913 2172 tempore
934 2124 1018 2153 suo
1042 2104 1338 2152 laudabiliter
1357 2121 1554 2169 regnare

138 2196 183 2231 et
207 2183 426 2248 subjectis
451 2184 670 2249 prodesse
694 2185 888 2231 studuit.

205 2263 367 2327 [948]
383 2265 499 2310 Tem
508 2281 622 2326 pore
636 2263 808 2310 Edredi
822 2264 944 2328 regis
960 2261 1244 2309 Turketelus
1257 2260 1446 2325 quidam
1462 2259 1551 2307 cle-

137 2340 263 2385 ricus
284 2340 631 2387 Lundoniensis
649 2340 759 2397 fuit,
775 2341 857 2405 qui
876 2358 900 2386 a
914 2339 1114 2404 praefato
1132 2356 1241 2403 rege
1259 2348 1313 2383 ut
1327 2336 1413 2383 sibi
1431 2336 1553 2384 Cru-

138 2417 341 2463 landiam
353 2417 552 2464 donaret
563 2419 776 2482 expetiit.
792 2419 878 2464 Cui
892 2436 976 2465 rex
990 2417 1119 2482 quod
1132 2416 1333 2481 petierat
1345 2414 1553 2460 libenter

185 2637 234 2680 (1)
262 2637 397 2682 Inguar
416 2635 524 2681 (870),
541 2633 720 2668 Halsd'enc
738 2633 854 2681 (576),
876 2634 1053 2667 Gotlirun
1073 2630 1272 2679 (ΘΠ-890).
1291 2630 1356 2664 Les
1372 2629 1551 2663 invasions

142 2696 202 2729 dos
227 2696 358 2730 lmnois
378 2709 422 2729 eu
442 2694 658 2740 Angleterre
678 2694 818 2728 avaient
833 2695 1042 2727 commones·
1062 2692 1123 2725 dius
1141 2692 1187 2725 les
1204 2690 1401 2737 premieres
1421 2691 1551 2724 anneus

144 2754 189 2787 ill!
209 2757 315 2797 regne
335 2748 568 2788 ‹l'lssiih‹·lu‹⁷·ls
583 2751 790 2799 &fvj-857)
