1951 3194
69 256 204 305 [1050]
551 252 702 290 LIBER
731 252 963 289 TERTIUS.
1421 257 1470 293 35

69 335 125 379 ad
150 334 250 380 haec
267 333 468 379 decimas
486 332 781 378 teloneorum
795 367 810 390 ,
832 348 1089 395 omnesque
1109 333 1471 379 consuetudines

70 421 164 456 tam
179 409 416 474 sylvarum
426 426 566 472 quam
580 409 776 454 aliarum
790 425 969 464 rerum,
983 425 1090 472 quae
1106 418 1221 454 tunc
1234 407 1474 455 debeban-

72 497 151 533 tur
175 487 242 532 illi
269 488 317 533 in
342 486 529 533 Escalfo
556 496 602 533 et
627 486 674 530 in
699 485 1040 532 Monasteriolo
1062 496 1201 549 atque
1226 486 1274 532 in
1299 487 1470 550 Sappo.

134 565 284 628 Igitur
317 576 568 629 postquam
596 563 680 609 Dei
711 562 919 608 donante
950 565 1096 627 gratia
1129 573 1198 610 est
1229 563 1475 612 ordinatus

70 643 284 707 praedicti
328 641 539 689 coenobii
585 639 724 685 abbas
765 640 1049 686 Teodericus
1068 677 1080 697 ‚
1126 643 1241 689 emit
1283 643 1379 706 ipse
1419 641 1478 688 ab

72 719 283 766 Ernaldo
319 719 503 783 praefati
540 717 780 763 Willermi
817 716 942 772 filio,
979 719 1305 765 consentiente
1344 719 1478 766 Rod-

73 795 211 843 berto
237 794 469 841 avunculo
489 810 591 849 suo,
616 803 663 840 et
674 791 872 857 jubente
892 793 1151 840 WVillermo
1177 796 1351 842 comite
1375 805 1477 843 ter-

75 890 174 918 ram
191 871 248 918 de
271 870 573 934 Balgenzaio,
597 870 718 915 sicut
742 888 843 916 eam
862 879 1078 915 tenuerat
1100 870 1340 917 Baldricus
1364 875 1481 935 ejus-

75 949 182 996 dem
201 949 386 996 comitis
403 947 689 1005 archearius,
712 958 758 994 et
780 957 963 1011 partem
981 959 1121 995 terrae
1140 949 1329 996 Escalfo
1340 985 1353 1007 ‚
1376 967 1483 1014 quae

76 1038 145 1073 est
168 1027 254 1072 sita
274 1027 398 1073 inter
420 1027 605 1090 Aquam
625 1026 811 1090 nigram
834 1036 880 1072 et
904 1026 1238 1084 Carentonam‚
1266 1038 1313 1074 et
1331 1030 1484 1074 Exar-

78 1114 179 1150 tum
210 1105 429 1161 Henrici‚
463 1114 510 1150 et
539 1103 767 1150 decimam
801 1103 1065 1150 molendini
1097 1104 1153 1151 de
1183 1105 1369 1151 Escalfo
1391 1106 1482 1168 (1).

77 1181 215 1228 Dedit
254 1192 481 1246 praeterea
512 1192 688 1228 terram
727 1181 969 1246 Altaeripae
1010 1183 1107 1246 ipse
1141 1183 1376 1229 Ernaldus
1415 1184 1486 1229 ei-

78 1259 185 1305 dem
214 1259 465 1316 coenobio,
503 1269 549 1305 et
582 1276 894 1323 quaecumque
926 1259 983 1304 ad
1016 1276 1118 1306 eam
1153 1259 1483 1323 pertinebant,

80 1354 189 1382 cum
203 1336 424 1383 omnibus
438 1336 734 1382 monasteriis
750 1336 844 1381 suis
860 1344 905 1382 et
920 1336 1057 1382 terris
1071 1335 1481 1401 presbyterorum,

82 1424 129 1459 et
148 1424 322 1460 terram
346 1412 402 1459 de
420 1411 565 1459 Doith
586 1413 765 1459 Mulsut
785 1413 876 1476 (2).

145 1492 358 1556 Denique
397 1490 678 1536 Willermus
718 1490 867 1536 frater
901 1493 1025 1554 ejus,
1068 1491 1191 1538 filius
1235 1491 1490 1556 supradicti

126 1625 176 1670 (1)
212 1624 415 1659 Willelmus
442 1636 560 1658 comes
580 1623 722 1669 signifie
740 1623 787 1656 ici
811 1622 845 1657 le
865 1622 937 1657 duc
954 1624 1181 1659 Guillaume.
1202 1625 1256 1659 En
1275 1626 1419 1672 general
1439 1626 1490 1661 les

81 1682 344 1730 qualifications
373 1695 445 1729 que
475 1682 667 1729 prenaient
694 1693 759 1716 nos
787 1680 876 1716 dues
907 1683 1044 1716 etaient
1069 1684 1142 1717 fort
1167 1683 1355 1719 variables.
1383 1685 1486 1719 Nous

82 1754 190 1776 avons
206 1755 252 1775 vu
271 1741 448 1776 ci-dessus
467 1754 538 1788 que
557 1740 723 1775 Richard
740 1741 783 1775 1⁹¹
805 1742 899 1776 avait
920 1754 1007 1789 recu
1026 1742 1076 1776 du
1092 1743 1146 1777 roi
1165 1743 1210 1777 de
1227 1744 1367 1779 France
1386 1752 1423 1779 et
1439 1745 1489 1779 du

83 1809 174 1843 pape
191 1797 279 1831 celle
297 1796 342 1830 de
360 1797 564 1830 marchisus
591 1796 908 1839 Normannorum,
928 1805 965 1832 et
983 1810 1054 1844 que
1072 1798 1263 1833 lui-meme
1282 1799 1490 1835 s’intitulait

83 1857 244 1891 marchio
272 1857 586 1891 Nor-›tzannoJ-um.
615 1856 678 1891 Ses
706 1868 931 1891 successeurs
959 1858 1167 1892 immediats
1186 1860 1328 1905 prirent
1347 1860 1380 1894 le
1402 1861 1490 1895 titre

83 1914 127 1949 de
146 1914 233 1949 dues
250 1922 285 1948 et
299 1914 379 1960 plus
396 1921 545 1948 souvent
564 1914 658 1948 celui
677 1913 722 1948 de
745 1921 878 1949 comtes
898 1915 961 1949 des
985 1915 1192 1950 Normands
1204 1944 1214 1960 ‚
1234 1917 1344 1964 qu'on
1361 1924 1490 1952 trouve

82 1984 212 2007 encore
230 1973 318 2006 dans
336 1972 512 2019 quelques
530 1972 673 2006 chartes
692 1972 737 2006 de
760 1972 1214 2008 Robe1·t·Courte-Heuse.
1247 1975 1278 2008 Il
1305 1982 1359 2010 est
1384 1977 1489 2022 quel—

82 2032 221 2078 quesois
249 2031 430 2077 remplace
460 2043 524 2077 par
556 2031 649 2065 celui
679 2030 725 2065 de
752 2032 888 2065 consul.
916 2032 1012 2066 Dans
1043 2045 1114 2067 une
1132 2033 1258 2068 charte
1277 2034 1322 2068 de
1347 2034 1487 2077 Raoul,

82 2099 200 2125 comte
220 2091 348 2133 d'lvri,
367 2091 513 2137 redige'e
532 2103 595 2137 par
612 2090 743 2125 Dudon
765 2091 810 2125 de
830 2092 1120 2136 Saint-Quentin
1135 2122 1144 2135 ,
1166 2101 1287 2128 tontes
1302 2107 1360 2129 ces
1379 2096 1491 2142 quali-

83 2150 246 2184 fications
267 2150 312 2183 de
332 2149 421 2191 (luc,
448 2149 492 2183 de
518 2150 680 2196 niarquis
694 2177 702 2192 ‚
728 2149 773 2184 de
799 2158 918 2185 comte
937 2159 973 2186 et
994 2151 1039 2186 de
1059 2152 1184 2187 consul
1199 2153 1261 2187 des
1280 2154 1489 2189 Normands

84 2217 165 2244 sont
191 2209 416 2244 accumulees
439 2221 500 2243 sur
523 2209 556 2243 la
574 2210 648 2244 tete
664 2210 709 2244 de
728 2210 890 2245 Richard
910 2212 960 2246 ΙΙ.
980 2212 1010 2246 Il
1026 2226 1048 2259 y
1063 2213 1184 2258 ajoute
1199 2214 1317 2248 meme
1336 2215 1425 2248 celle
1439 2215 1484 2250 de

80 2272 249 2313 patritius
268 2270 357 2303 almi
384 2282 466 2302 mm.

128 2329 228 2362 Nous
244 2340 351 2362 avons
371 2328 451 2372 deja
464 2327 519 2361 dit
534 2340 606 2374 quc
617 2328 881 2374 Balgenzaium
898 2331 986 2363 etait
1004 2331 1240 2376 aujourd’hui
1259 2332 1486 2378 Bocquence.

84 2388 131 2421 La
157 2388 270 2433 petite
298 2387 427 2421 riviere
450 2387 495 2421 de
523 2387 682 2422 Noireau
700 2388 803 2422 coule
821 2401 883 2422 sur
899 2389 930 2422 la
946 2401 1141 2424 commune
1156 2390 1200 2424 de
1218 2391 1428 2437 Touquette
1448 2398 1485 2424 ct

85 2446 237 2480 donnait
262 2458 326 2479 son
348 2458 433 2480 nom
451 2448 469 2480 a
489 2459 539 2480 un
554 2446 618 2481 fies
629 2447 692 2494 qui
711 2449 939 2494 appartenait
956 2450 975 2482 ἐι
990 2448 1164 2494 l'abbaye.
1187 2449 1217 2482 Il
1235 2449 1384 2483 n'existe
1404 2449 1484 2495 plus

84 2505 374 2541 d⁷Essart-Henri
393 2505 480 2539 dans
506 2518 546 2540 ce
569 2507 743 2553 quartier,
776 2507 865 2541 mais
887 2520 958 2542 une
986 2509 1103 2554 partie
1123 2507 1371 2541 considerable
1389 2508 1434 2542 de
1452 2508 1485 2542 la

83 2565 177 2600 soret
194 2565 238 2599 de
255 2556 526 2599 Saint-Evroult
544 2565 710 2611 s⁷appelle
729 2565 887 2600 l'Essart.

129 2626 179 2670 (2)
195 2624 393 2658 Hauterive
410 2624 492 2670 pres
509 2623 691 2670 Aleneon3
713 2626 760 2659 Le
778 2626 1079 2669 Donet—Moussu,
1103 2626 1263 2659 ruisseau
1276 2637 1338 2659 sur
1349 2625 1483 2660 N0t1·‹·—

85 2683 392 2726 Dame-du-Bois‚
415 2682 580 2717 dormant
601 2694 665 2716 son
685 2695 769 2717 nom
792 2685 809 2716 ἐι
828 2696 900 2717 une
916 2684 1154 2717 vavassororic
1174 2684 1237 2729 qui
1257 2685 1484 2730 appartenait

83 2744 101 2774 ἐι
121 2741 278 2787 l’abbaye
294 2749 330 2775 ct
348 2742 403 2775 fut
421 2741 557 2775 alienet·
575 2754 617 2773 (¹11
645 2739 743 2785 1595.
