1951 3194
612 259 765 297 LIBER
795 258 1049 307 QUARTUS.
1469 263 1546 298 205

130 341 350 405 praefatos
383 340 616 386 antistites
642 339 955 395 illuminavit,
983 350 1029 385 et
1053 338 1353 403 dogmatibus
1378 356 1541 385 eorum

127 436 179 464 ac
217 418 457 464 miraculis
494 435 580 481 per
614 434 692 464 eos
729 415 952 463 exhibitis
988 416 1237 463 commode
1273 417 1543 477 irradiavit,

127 496 385 559 multisque
409 493 679 559 vulgaribus
705 503 752 539 et
775 494 993 540 litteratis
1018 493 1218 557 profuit.

192 573 477 637 [970-972]
502 574 640 617 Tunc
665 569 944 616 coenobium
969 570 1392 626 Medeshamstede,
1415 572 1541 636 quod

125 650 309 714 pridem
343 661 555 715 tempore
588 648 769 695 Vulferi
813 649 930 711 regis
967 649 1256 695 Merciorum
1293 649 1544 696 Sexvull'us

124 726 341 791 pontifex
376 726 670 778 construxit,
699 723 985 771 Adelvoldus
1022 725 1193 788 praesul
1232 725 1319 771 sub
1355 726 1543 791 Edgaro

125 822 232 868 rege
259 805 305 850 in
331 806 461 859 vico,
491 803 571 867 qui
607 802 750 848 modo
778 802 906 865 Burg
935 801 1130 858 dicitur,
1158 804 1466 859 restauravit,
1497 814 1544 848 et

125 880 361 927 basilicam
384 881 431 926 in
450 881 633 926 honore
651 879 798 924 sancti
818 879 945 926 Petri
963 879 1293 942 apostolorum
1311 880 1544 944 principis

123 959 291 1005 editam
313 959 494 1023 magnis
513 956 683 1020 opibus
698 957 882 1003 ditavit.
906 956 1085 1003 Deinde
1106 957 1421 1013 Torneiense,
1445 958 1542 1003 Eli-

122 1053 278 1099 gense,
310 1046 356 1082 et
372 1035 458 1081 alia
476 1035 625 1080 multa
646 1034 929 1081 monasteria
953 1033 1170 1097 pluribus
1194 1034 1241 1079 in
1263 1034 1378 1081 locis
1399 1033 1543 1079 fabri-

122 1123 218 1158 cata
247 1124 358 1158 sunt
393 1114 492 1176 (1),
528 1123 575 1158 et
606 1123 869 1158 conventus
896 1113 943 1157 in
972 1112 1063 1158 illis
1086 1114 1435 1159 monachorum
1463 1125 1544 1159 aut

123 1190 405 1236 clericorum
435 1200 516 1235 aut
545 1189 981 1235 sanctimonialium
1013 1189 1214 1236 solerter
1243 1189 1380 1235 locati
1410 1202 1539 1236 sunt.

124 1268 266 1331 Copia
283 1267 556 1314 reddituum
572 1267 767 1330 singulis
783 1268 1081 1313 monasteriis
1094 1267 1288 1331 largiter
1304 1269 1545 1332 impartie-

122 1343 286 1401 batur3
312 1344 436 1391 unde
453 1344 684 1390 sufficiens
701 1344 853 1390 victus
871 1355 918 1390 et
933 1345 1128 1390 vestitus
1150 1343 1374 1391 theoricis
1392 1344 1544 1391 admi*

124 1422 406 1468 nistraretur
417 1440 429 1477 3
469 1439 527 1467 ne
558 1438 647 1485 pro
677 1422 875 1485 penuria
909 1439 1073 1467 rerum
1096 1423 1464 1469 necessariarum
1494 1424 1540 1469 in

122 1499 286 1547 divino
312 1499 445 1546 cultu
469 1499 765 1564 aliquatenus
790 1499 1063 1546 vacillantes
1091 1498 1448 1564 frangerentur.

189 1578 264 1624 Sic
286 1579 334 1624 in
356 1577 527 1641 Anglia
555 1578 843 1624 monasticus
869 1577 991 1626 ordo
1017 1590 1272 1625 renovatus
1296 1590 1363 1626 est
1384 1615 1397 1636 ,
1426 1591 1473 1627 et
1495 1581 1540 1625 in

123 1656 283 1703 multis
302 1656 533 1704 coenobiis
549 1656 810 1722 gloriosum
826 1675 992 1722 agmen
1010 1659 1360 1705 monachorum
1374 1676 1465 1705 con
1473 1669 1541 1704 tra

122 1734 341 1781 Satanam
363 1736 598 1781 virtutum
621 1736 764 1781 armis
786 1736 1028 1781 munitum
1052 1746 1145 1793 est,
1172 1746 1219 1783 et
1244 1755 1544 1800 perseveran-

123 1821 196 1857 ter
212 1812 436 1859 dimicare
456 1814 501 1859 in
523 1813 692 1877 praelio
709 1814 903 1860 Domini
922 1813 1075 1860 donec
1093 1815 1293 1860 victoria
1307 1817 1538 1879 potiatur,

123 1888 353 1936 nobiliter
368 1890 591 1938 edoctum
610 1901 695 1937 est.
717 1891 895 1938 Verum
915 1903 1024 1954 post
1042 1892 1231 1956 *aliquot
1250 1903 1455 1956 tempus,
1483 1894 1537 1939 acl

124 1966 480 2029 expurgandum
515 1967 757 2022 triticum,
795 1966 876 2012 ubi
910 1966 1216 2013 exuberantia
1251 1969 1537 2016 zizaniorum

124 2041 266 2087 nimis
284 2043 594 2105 multiplicata
620 2054 713 2100 est,
743 2044 916 2090 iterum
940 2044 1027 2091 sul)
1050 2045 1283 2110 Egelredo
1308 2064 1416 2111 rege
1440 2046 1540 2092 filio

123 2118 292 2182 Edgari
310 2120 576 2182 gravissima
600 2130 845 2184 tempestas
863 2121 922 2166 ab
939 2123 1162 2186 aquilone
1185 2122 1350 2188 Anglis
1367 2123 1536 2170 oborta

125 2281 325 2326 glicanum,
349 2294 378 2323 1,
407 2295 443 2329 p.
475 2296 486 2316 1
509 2290 545 2316 et
561 2295 619 2330 97.
644 2284 689 2317 Lc
717 2284 921 2317 monastere
939 2284 984 2318 de
1002 2283 1170 2329 Rmusey,
1193 2284 1281 2318 dans
1299 2284 1332 2319 le
1357 2288 1477 2319 comte
1495 2287 1541 2319 (lv

124 2340 388 2386 Huntingdon,
410 2341 465 2374 sut
480 2341 588 2375 sontle'
608 2353 673 2387 par
692 2342 785 2375 saint
807 2341 956 2376 Oswald
976 2354 1020 2376 en
1040 2355 1122 2389 97¹·
1142 2344 1189 2377 Le
1211 2355 1346 2389 voyage
1370 2343 1541 2378 d'Abbou

124 2413 168 2434 en
193 2400 428 2445 Angleterre‚
451 2402 513 2448 qui
539 2401 629 2436 dura
655 2403 738 2448 pres
765 2402 809 2436 de
830 2402 924 2437 deux
950 2414 1035 2445 anS,
1067 2415 1157 2437 nous
1178 2403 1294 2449 parait
1317 2403 1443 2437 devoir
1461 2404 1541 2438 &tre

124 2458 224 2504 place
244 2470 322 2492 vers
342 2459 422 2504 980.

169 2519 219 2563 (ι)
248 2519 294 2551 La
317 2518 505 2552 fondation
523 2518 573 2552 du
593 2520 797 2554 monastere
818 2520 863 2554 de
884 2520 1197 2562 Medeshamsted‚
1220 2520 1455 2565 aujourd⁷hui
1470 2521 1538 2556 Pe-

125 2577 364 2623 terborough,
382 2577 527 2611 eutlieu
544 2590 621 2612 vers
636 2578 667 2612 le
686 2579 812 2612 milieu
826 2579 874 2612 du
891 2587 955 2612 vue
971 2579 1090 2619 siecle,
1110 2586 1144 2613 et
1163 2590 1199 2613 sa
1214 2580 1454 2613 restauration
1474 2593 1539 2627 par

124 2635 342 2670 Athelvvood
365 2649 410 2669 en
429 2647 508 2682 972.
530 2636 594 2669 Les
619 2636 713 2670 deux
732 2643 851 2670 autres
879 2638 1101 2671 monasteres
1128 2637 1358 2672 mentionnes
1382 2638 1429 2672 ici
1456 2647 1537 2673 sont

127 2707 213 2728 ceux
235 2695 279 2728 de
299 2696 472 2740 Τίιοιίιρ)Γ
488 2702 523 2729 et
540 2687 651 2740 d'tsslly.
675 2696 721 2728 Le
742 2696 900 2741 premier
920 2696 975 2729 sut
992 2695 1101 2729 fonde
1120 2708 1164 2730 en
1189 2708 1275 2744 972,
1297 2704 1333 2731 et
1352 2697 1384 2732 le
1402 2699 1536 2732 second

129 2757 288 2789 restam-e
304 2768 347 2789 en
365 2767 444 2801 970.
