1951 3194
144 230 265 277 [cmm
290 225 540 271 1071-1080]
628 220 783 259 LIBER
813 218 1068 266 QUARTUS.
1486 220 1564 257 223

143 299 317 346 fundos
338 298 426 345 sibi
446 300 713 364 antiquitus
732 297 865 344 datos
886 315 908 342 a
931 294 1147 343 fidelibus
1167 294 1358 359 AngliS,
1381 296 1564 343 violen-

148 387 216 423 ter
239 387 285 423 et
312 378 483 441 injuste
507 376 755 423 abstulerit
782 376 873 439 (1).

207 454 472 502 Gaufredus
503 472 696 520 quoque
725 453 1156 501 constantiniensis
1189 454 1465 518 episcopus,
1505 454 1563 501 de

142 533 295 580 nobili
331 534 723 580 Normannorum
749 533 980 596 progenie
1011 542 1173 590 ortus,
1200 533 1282 596 qui
1314 534 1562 579 certamini

143 611 358 658 Senlacio
384 611 541 658 fautor
559 629 665 658 acer
684 620 730 657 et
753 609 1025 655 consolator
1050 608 1291 665 interfuit,
1321 620 1366 656 et
1392 610 1441 655 in
1462 610 1563 656 aliis

142 687 477 744 conflictibus,
516 689 599 752 qui
638 685 947 751 postmodum
982 684 1180 731 advenas
1226 696 1273 732 et
1321 686 1562 751 indigenas

141 765 384 829 utrimque
410 765 760 820 contriverant,
797 762 1019 826 magister
1042 761 1252 807 militum
1278 762 1398 819 fuit,
1431 764 1561 811 dono

141 843 383 890 Guillelmi
417 843 537 908 regis
571 843 796 888 ducentas
832 851 879 888 et
909 840 1154 905 octoginta
1186 840 1318 886 villas
1360 841 1502 906 (quas
1535 860 1560 888 a

141 921 376 967 manendo
413 921 650 967 manerios
685 919 828 984 vulgo
864 919 1120 982 vocamus)
1158 917 1405 975 obtinuit3
1447 938 1561 985 quas

141 1016 305 1045 omnes
331 999 496 1063 nepoti
522 1016 607 1045 suo
630 999 687 1045 de
713 997 973 1054 Molbraio,
1001 1008 1200 1063 propter
1225 999 1488 1063 nequitiam
1514 1010 1561 1047 et

140 1077 457 1124 temeritatem
477 1095 608 1124 suam
628 1096 727 1125 non
743 1077 825 1123 diu
845 1094 1134 1142 possessuro,
1162 1078 1374 1124 moriens
1394 1078 1560 1126 dereli-

139 1155 247 1221 quit
272 1156 291 1218 ζ
298 1156 364 1219 2).

206 1231 486 1278 Eustachius
520 1250 711 1298 quoque
741 1233 1042 1279 Boloniensis
1077 1244 1124 1280 et
1150 1232 1423 1280 Rodbertus
1454 1236 1563 1284 Mo—

141 1311 426 1370 ritoliensis‚
461 1311 745 1358 Guillelrnus
769 1310 1071 1358 Ebroicensis
1099 1321 1145 1357 et
1174 1311 1445 1358 Rodbertus
1465 1314 1562 1360 Au-

141 1389 290 1434 censis
323 1400 464 1452 atque
493 1389 769 1436 G-oisfredus
805 1389 1034 1436 Rotronis
1060 1388 1183 1435 filius
1213 1391 1563 1438 Mauritanien-

142 1467 200 1512 sis
226 1468 298 1530 (5)
315 1503 326 1522 ,
351 1467 523 1532 aliique
549 1468 746 1514 comites
769 1479 816 1513 et
840 1468 1119 1532 optimateS,
1143 1485 1261 1532 quos
1285 1469 1562 1533 singillatim

141 1545 391 1591 nominare
430 1563 641 1610 nequeo,
689 1564 884 1610 magnos
924 1546 1137 1592 redditus
1179 1557 1226 1592 et
1268 1546 1475 1595 honores
1512 1549 1562 1595 in

140 1621 309 1686 Anglia
335 1634 619 1687 receperunt
644 1641 666 1668 a
689 1641 797 1688 rege
822 1623 1097 1670 Guillelmo.
1121 1624 1197 1669 Sic
1217 1626 1424 1672 extranei
1448 1625 1564 1672 divi-

141 1698 218 1743 tiis
245 1698 427 1763 Angliee
451 1698 746 1755 ditabantur,
774 1718 864 1764 pro
889 1698 1062 1765 quihus
1093 1699 1175 1746 filii
1210 1703 1308 1764 ejus
1341 1704 1564 1768 nequiter

141 1775 570 1833 interficiebantur,
598 1778 671 1824 vcl
701 1789 913 1825 extorres
950 1796 1034 1842 per
1072 1789 1229 1825 extera
1263 1798 1406 1845 regna
1443 1782 1565 1829 irre-

141 1853 408 1900 meabiliter
436 1855 740 1919 fugabantur.

208 1932 297 1994 Ipsi
326 1949 438 1977 vero
472 1933 596 1996 regi,
624 1942 678 1977 ut
706 1932 879 1989 fertur,
916 1933 1046 1979 mille
1075 1944 1122 1979 et
1157 1935 1395 1998 sexaginta
1427 1935 1564 1985 librae

143 2008 399 2055 sterilensis
425 2021 655 2067 monetae,
683 2010 918 2075 solidique
942 2012 1137 2075 triginta
1160 2022 1207 2058 et
1232 2024 1325 2060 tres
1351 2013 1480 2062 oholi
1509 2034 1565 2062 ex

137 2086 275 2149 justis
312 2086 573 2133 redditibus
602 2088 785 2153 Angliae
812 2107 895 2153 per
919 2090 1129 2154 singulos
1154 2090 1252 2138 dies
1276 2092 1562 2152 redduntur,

191 2310 240 2353 (1)
266 2309 442 2343 Lansranc
462 2308 615 2343 reclama
636 2322 719 2344 avec
737 2311 890 2345 fermete
908 2311 1039 2346 devant
1053 2326 1125 2347 une
1139 2314 1336 2348 assemble'e
1356 2315 1405 2348 du
1423 2319 1561 2360 comte,

144 2369 310 2416 presidee
336 2382 400 2416 par
423 2369 607 2412 Geoffroi‚
629 2371 765 2419 cveqne
792 2371 837 2406 de
855 2373 1079 2417 Contances‚
1103 2373 1152 2408 les
1177 2373 1364 2409 domaines
1388 2376 1530 2411 euleve's
1548 2381 1567 2413 Ξι

145 2441 209 2464 Son
228 2429 340 2475 eglise
356 2441 419 2475 par
439 2429 542 2471 Odo,
559 2437 596 2464 et
617 2430 659 2464 ils
677 2431 728 2465 lui
749 2431 873 2466 fui-ent
891 2432 1042 2467 rendus.

189 2490 238 2535 (2)
265 2488 427 2523 Geoffroi
443 2488 487 2523 de
502 2489 685 2524 Montbrai
704 2493 912 2535 (commune
927 2492 976 2526 du
992 2499 1124 2526 canton
1142 2492 1187 2526 de
1201 2493 1342 2537 Perci)‚
1366 2494 1502 2541 eveque
1521 2496 1566 2532 de

146 2549 350 2584 Contances
368 2561 413 2582 en
431 2548 519 2582 avril
544 2550 647 2591 1048,
669 2557 765 2584 mort
784 2550 817 2583 le
834 2562 852 2583 2
872 2551 1004 2585 fe'vrier
1027 2550 1113 2598 1093
1146 2552 1247 2585 Nous
1266 2565 1413 2587 verrons
1430 2555 1566 2591 ci—des-

148 2620 230 2643 sous
254 2615 438 2643 comment
468 2620 530 2642 son
555 2621 668 2642 neveu
700 2609 822 2655 perdit
844 2610 1048 2645 l’immense
1080 2611 1247 2657 heritage
1278 2613 1367 2659 qu’il
1396 2614 1444 2649 lui
1473 2618 1567 2652 avait

148 2667 265 2703 laisse„

196 2725 246 2770 (3)
272 2726 434 2762 Gcoffroi
457 2726 501 2760 (le
523 2728 737 2772 Mortagne,
759 2734 878 2761 comte
898 2727 947 2761 du
968 2728 1121 2762 perche.
