1951 3194
303 278 354 315 88
668 275 911 314 HISTORIA
941 273 1345 313 ECCLESIASTICA.
1440 277 1717 328 [1061-1063]

303 351 583 400 Anschetilli
597 353 653 401 de
665 352 931 417 Quadi-ellis
945 352 964 415 (
977 371 986 398 1
1001 352 1020 416 )
1033 351 1164 399 adiit.
1176 353 1279 416 Ipse
1289 369 1402 401 vero
1412 355 1574 402 multis
1588 354 1723 402 blan-

305 431 434 478 ditiis
456 432 495 478 ei
523 432 670 478 favit:
696 430 774 478 sed
804 431 1148 494 promissorum
1172 430 1494 480 blandimenta
1520 451 1721 498 operum

306 508 626 572 completione
644 525 742 553 non
764 507 962 571 peregit.
989 507 1244 554 Rotbertus
1262 518 1437 565 autem,
1461 520 1513 555 ut
1538 510 1722 557 frivolis

306 585 703 650 promissionibus
718 586 931 632 delusum
945 603 991 632 se
1004 586 1216 649 perspexi
1226 597 1260 642 t,
1285 586 1429 632 iratus
1443 586 1723 651 degenerem

305 661 599 725 parentelam
618 664 742 725 ejus⁷
766 679 906 726 quam
933 661 1052 708 bene
1075 674 1300 720 noverat,
1325 663 1365 709 61
1392 662 1721 726 exprobravit,

308 741 557 804 ipsumque
578 740 851 805 relinquens
872 740 928 785 ad
951 740 1248 787 Rodbertnm
1266 741 1571 787 Wiscardum
1587 740 1725 788 Cala-

308 817 426 864 briae
444 817 612 864 ducem
629 836 675 864 se
692 818 897 863 contulit
914 818 1006 881 (2).
1024 818 1106 864 Ille
1121 836 1234 865 vero
1249 828 1302 863 ut
1316 818 1564 865 dominum
1581 828 1727 864 natu-

306 895 453 941 ralem
484 913 591 942 eum
629 894 893 942 honorifice
935 897 1166 959 suscepit,
1206 896 1506 960 multumque
1542 906 1596 941 ut
1629 897 1725 959 ipse

309 989 417 1018 cum
436 973 678 1019 monachis
698 973 791 1018 suis
810 989 993 1036 semper
1008 990 1165 1018 secum
1183 984 1499 1036 permaneret,
1520 973 1720 1037 rogavit.

309 1048 460 1111 Hujus
484 1059 617 1111 pater
637 1048 907 1094 Tancredus
931 1048 988 1095 de
1006 1048 1256 1096 Alta-Villa
1275 1049 1330 1095 de
1352 1067 1471 1113 pago
1496 1049 1726 1095 Constan-

310 1127 414 1172 tino
449 1127 625 1182 extitit,
660 1128 743 1191 qui
775 1126 831 1172 de
862 1125 1042 1171 duabus
1076 1126 1297 1190 legitimis
1328 1126 1588 1185 uxoribus,
1611 1144 1726 1190 quas

310 1201 696 1265 desponsaverat,
722 1219 791 1248 ΧΠ
814 1202 959 1258 filios,
981 1203 1234 1267 pluresque
1254 1202 1370 1249 filias
1396 1202 1585 1258 habuit3
1609 1221 1727 1267 quo-

310 1297 419 1324 rum
443 1281 527 1325 uni
554 1280 750 1325 nomine
779 1279 1030 1326 Goisfredo
1053 1291 1263 1343 paternae
1284 1280 1572 1326 heereditatis
1593 1297 1729 1344 agros

312 1358 560 1414 concessit,
583 1358 793 1421 aliosque
810 1376 974 1404 omnes
994 1369 1047 1403 ut
1068 1369 1196 1404 extra
1217 1358 1371 1404 solum
1392 1375 1441 1404 ea
1462 1356 1635 1423 quibus
1660 1357 1727 1403 in-

311 1435 550 1498 digerent,
573 1434 754 1480 viribus
778 1445 824 1480 et
843 1453 980 1481 sensu
1002 1433 1090 1480 sibi
1110 1435 1439 1491 vendicarent,
1463 1435 1725 1481 admonuit.

313 1513 387 1558 Illi
413 1523 570 1559 autem
593 1530 692 1559 non
719 1513 882 1569 simul,
907 1511 985 1558 sed
1012 1511 1196 1558 diverso
1224 1523 1436 1576 tempore
1463 1511 1549 1557 sub
1576 1511 1727 1575 specie

311 1591 674 1653 peregrinorum
692 1607 825 1652 peras
844 1599 890 1635 et
916 1588 1106 1636 baculos
1133 1601 1378 1653 portantes
1408 1592 1489 1653 (ne
1517 1607 1539 1635 a
1558 1591 1728 1636 Roma-

311 1667 385 1712 nis
405 1668 704 1730 caperentur)
727 1666 773 1711 in
796 1665 1017 1729 Apuliam
1038 1665 1282 1724 abierunt,
1313 1685 1570 1732 omnesque
1588 1667 1728 1713 variis

313 1742 558 1789 eventibus
577 1743 727 1801 aucti,
752 1742 892 1789 duces
912 1754 993 1788 aut
1016 1745 1212 1791 comites
1236 1745 1284 1790 in
1309 1744 1477 1808 Apulia
1502 1763 1582 1791 seu
1604 1745 1728 1790 Cala-

311 1819 414 1866 bria
438 1820 510 1867 vel
535 1820 690 1866 Sicilia
711 1821 862 1866 effecti
888 1832 1025 1877 sunt;
1047 1822 1103 1868 de
1124 1839 1331 1886 quorum
1355 1821 1519 1886 probis
1545 1822 1728 1869 actibus

313 1908 358 1944 et
371 1898 576 1944 strenuis
590 1897 836 1944 eventibus
847 1899 1121 1945 Goisfredns
1135 1899 1394 1947 monachus
1405 1911 1728 1965 cognomento

312 1975 561 2022 Malaterra
598 1974 790 2021 hortatu
826 1977 1016 2040 Rogerii
1049 1978 1235 2023 comitis
1265 1978 1437 2023 Siciliae
1466 1979 1727 2042 elegantem

312 2051 530 2098 libellum
552 2069 705 2115 nuper
729 2052 874 2098 edidit
901 2054 985 2116 (5)
1014 2055 1197 2099 Horum
1219 2053 1469 2101 sublimior
1494 2066 1540 2101 et
1561 2066 1728 2119 poten-

361 2223 412 2267 (1)
431 2222 554 2267 Voyez
575 2220 755 2255 ci-dessus
775 2232 866 2266 page
885 2219 942 2254 56.

362 2283 410 2327 (2)
430 2281 571 2316 Robcrt
587 2279 769 2315 Guiseard
785 2280 878 2313 avait
897 2281 954 2314 ete
972 2280 1158 2324 construite,
1180 2293 1224 2315 cn
1248 2279 1346 2322 1060,
1361 2293 1425 2326 par
1444 2279 1476 2313 le
1502 2292 1594 2326 pape
1612 2280 1724 2315 Nico-

311 2341 362 2374 las
382 2341 441 2382 II,
458 2340 546 2374 dans
567 2338 599 2373 le
622 2339 708 2372 titrc
728 2338 773 2371 (le
791 2338 861 2372 (1116
879 2338 923 2372 (16
938 2338 969 2372 la
988 2338 1146 2381 Pouille‚
1167 2338 1255 2386 qu⁷il
1274 2339 1367 2373 avait
1385 2351 1470 2385 recu
1488 2338 1533 2373 de
1549 2350 1603 2373 ses
1623 2350 1723 2373 com-

312 2411 476 2446 pagnons
491 2399 644 2432 ‹l’armes
659 2397 721 2431 das
740 2397 878 2431 l'annec
899 2397 1129 2443 precedente.

360 2458 410 2505 (3)
429 2458 640 2493 Guillaumc
662 2456 854 2491 Malaterra
868 2485 876 2499 ‚
897 2456 1087 2490 Bormand
1105 2456 1150 2490 de
1169 2458 1353 2491 naissance
1371 2464 1407 2491 et
1426 2457 1546 2491 moine
1564 2456 1614 2490 du
1634 2468 1721 2490 cou-

311 2526 395 2553 vent
422 2519 467 2552 (16
487 2517 791 2552 Sainte-Euscmie
805 2544 813 2560 ,
835 2530 852 2550 a
877 2516 967 2550 ccrit
985 2516 1162 2550 l⁷histoirc
1182 2516 1225 2550 (16
1246 2516 1277 2550 la
1303 2517 1481 2563 conquete
1506 2516 1550 2550 de
1569 2515 1600 2549 la
1620 2515 1720 2550 Cala-

310 2577 388 2619 bro,
410 2577 455 2610 dc
473 2577 505 2611 la
521 2576 663 2611 Pouille
677 2583 713 2610 et
730 2575 774 2609 de
792 2575 825 2609 la
844 2575 950 2610 sicile
972 2588 1036 2621 par
1050 2576 1098 2609 les
1111 2575 1329 2610 Normands.
1347 2577 1414 2612 Cet
1428 2587 1583 2620 ouvrage
1596 2602 1604 2617 ‚
1627 2587 1720 2608 com-

316 2638 402 2682 11056
429 2638 447 2668 ἐι
466 2636 496 2669 la
513 2635 691 2669 demando
715 2635 765 2668 du
781 2634 1047 2681 c‹›mtoP10ger,
1068 2647 1207 2670 comme
1224 2635 1257 2668 lc
1281 2635 1335 2669 dit
1354 2642 1458 2669 notre
1476 2640 1615 2676 auteur,
1640 2633 1720 2668 finit

312 2708 381 2729 aux
400 2696 575 2740 prcmiers
591 2696 695 2741 jours
710 2695 755 2729 de
775 2695 898 2741 juillet
921 2696 1018 2743 1098.
1040 2697 1087 2729 La
1102 2695 1288 2730 meilleure
1307 2696 1445 2730 edition
1459 2694 1522 2741 qui
1545 2707 1590 2728 en
1608 2695 1719 2729 existe

311 2755 376 2789 fait
392 2754 507 2800 partie
519 2754 563 2788 de
580 2754 611 2788 la
625 2754 816 2790 collection
829 2754 892 2790 des
905 2754 1102 2790 historiens
1116 2755 1255 2790 d’Italie
1274 2767 1338 2802 par
1348 2754 1536 2797 Mummi-i,
1560 2760 1656 2789 tome
1668 2754 1719 2791 V..
