1951 3194
125 270 394 318 [1069-1070]
607 266 760 305 LIBER
789 265 1044 314 QUARTUS.
1463 268 1534 303 197

123 347 210 393 sibi
240 346 395 393 hostes
424 345 481 391 ad
509 346 687 392 flumen
725 346 911 391 Tesiam
942 346 1208 409 insequitur
1234 344 1332 408 (i),
1366 353 1412 391 et
1440 344 1539 389 avia

124 425 414 489 perrumpit,
442 440 651 489 quorum
682 423 904 486 asperitas
936 422 1175 469 interdum
1201 421 1408 486 peditem
1432 439 1541 468 eum

126 503 193 549 ire
229 503 489 568 compellit.
527 503 678 566 Super
710 502 898 547 Tesiam
932 501 1096 548 sedens
1131 501 1405 566 quindecim
1443 500 1540 547 dies

124 581 370 646 transegit.
416 579 486 626 lbi
534 578 829 626 reconciliati
879 588 988 624 sunt
1040 577 1294 625 Guallevus
1336 595 1543 642 praesens

125 669 171 705 et
214 658 358 705 Gaius
398 658 627 704 Patricius
663 656 860 712 absens,
911 667 1206 703 sacramento
1240 674 1326 721 per
1366 654 1544 720 legatos

124 736 356 783 exhibito.
388 737 571 783 Horum
596 734 738 798 paulo
763 745 871 780 ante
896 734 1261 780 contubernales
1284 736 1383 797 jam
1417 734 1546 797 peri-

125 814 412 860 clitabantur
446 813 590 866 Dani,
634 822 687 857 ut
720 812 821 876 vagi
861 811 1028 876 piratae
1064 810 1289 857 fluctibus
1321 821 1367 858 et
1392 812 1544 858 ventis

116 891 297 954 jactati.
325 889 534 954 Urgebat
552 906 631 936 eos
651 906 750 936 non
771 889 928 935 minus
947 888 1092 934 fames
1111 906 1255 952 quam
1274 898 1541 952 tempestas.

121 970 229 1013 Pars
262 967 508 1032 naufragio
541 967 700 1031 periit.
736 966 928 1013 Residui
971 967 1117 1012 vitam
1152 967 1374 1012 vilissima
1412 967 1545 1030 pulte

119 1044 471 1101 sustentabant,
504 1062 591 1091 nec
616 1045 771 1092 solnm
800 1045 975 1091 milites
1006 1045 1233 1109 gregarii,
1261 1061 1430 1090 verum
1455 1044 1540 1107 ipsi

117 1141 308 1188 quoque
344 1124 608 1188 principes,
647 1124 843 1170 comites
879 1134 1020 1188 atque
1058 1122 1326 1186 pontifices,
1369 1124 1544 1170 Carnes

119 1202 306 1264 penitus
341 1201 639 1258 defecerant,
677 1200 849 1265 quibus
885 1201 967 1247 diu
1003 1200 1208 1246 rancidis
1247 1218 1299 1247 ac
1340 1200 1547 1264 putridis

118 1277 449 1324 vescebantur.
489 1278 660 1342 Egredi
696 1277 753 1324 ad
786 1277 1186 1342 comportandum
1221 1278 1409 1341 rapinas
1443 1294 1542 1323 non

120 1356 380 1414 audebant,
416 1374 571 1421 neque
607 1356 741 1402 littus
772 1366 971 1420 propter
1007 1356 1270 1402 incolarum
1307 1366 1544 1401 terrorem

121 1434 301 1499 uspiam
334 1434 585 1498 attingere.
622 1434 838 1480 Tandem
862 1451 1047 1498 magnae
1076 1433 1231 1479 classis
1256 1433 1437 1497 exiguae
1463 1448 1543 1477 re-

121 1511 281 1576 liquiae
309 1513 500 1558 Daciam
532 1513 856 1576 repetierunt,
882 1522 927 1558 et
952 1513 1111 1559 Sueno
1142 1511 1238 1576 regi
1266 1528 1351 1556 suo
1374 1527 1540 1573 magna

117 1590 389 1636 discrimina
414 1608 521 1654 quae
545 1591 748 1654 perpessi
772 1601 908 1646 sunt,
929 1589 1221 1653 nimiamque
1244 1588 1542 1634 ferocitatem

120 1666 351 1724 hostium,
384 1684 676 1733 suorumque
700 1668 888 1714 ruinam
911 1666 1141 1715 sodalium
1169 1665 1393 1713 flebiliter
1415 1676 1542 1711 retu-

117 1744 293 1791 lerunt.

185 1825 344 1871 Mense
369 1826 591 1889 januario
624 1842 707 1871 rex
746 1824 1031 1872 Guillelmus
1066 1822 1433 1887 Haugustaldam
1466 1823 1538 1885 (2)

119 1900 446 1947 revertebatur
468 1901 494 1947 a
524 1903 658 1949 Tesia
675 1938 688 1960 ‚
708 1902 781 1948 via
812 1919 919 1965 quae
943 1901 1168 1948 hactenus
1188 1901 1416 1947 exercitui
1439 1910 1539 1947 erat

121 1978 349 2024 intentata
362 2013 375 2033 ‚
397 1996 487 2043 qua
503 1978 673 2026 crebro
690 1978 1074 2043 acutissimajuga
1093 1988 1139 2025 et
1154 1977 1349 2024 vallium
1368 1976 1539 2023 humil-

118 2054 244 2100 limae
263 2054 414 2111 sedes,
438 2072 547 2101 cum
567 2055 734 2101 vicinia
755 2055 1008 2102 serenitate
1026 2072 1169 2101 verna
1191 2053 1387 2118 gaudet,
1414 2053 1537 2099 nivi—

116 2131 202 2178 bus
218 2132 578 2196 compluuntur.
600 2132 663 2179 At
684 2132 761 2180 ille
781 2133 830 2179 in
854 2133 1088 2180 acerrimo
1102 2132 1271 2180 hiemis
1285 2132 1394 2197 gelu
1411 2142 1538 2179 tran-

118 2211 255 2269 sivit,
284 2211 562 2275 animosque
588 2211 798 2257 militum
829 2212 1131 2259 confirmavit
1166 2230 1246 2258 sua
1275 2212 1533 2258 alacritate.

119 2288 241 2333 lllud
265 2289 354 2333 iter
373 2288 632 2337 difficulter
651 2302 897 2353 peractum
928 2301 1024 2350 est,
1059 2291 1107 2337 in
1133 2308 1230 2356 quo
1255 2290 1538 2354 sonipedum

121 2366 288 2428 ingens
306 2367 443 2411 ruina
467 2366 587 2413 facta
613 2378 697 2414 est.
732 2367 914 2414 Anxius
941 2386 1030 2432 pro
1058 2386 1135 2414 sua
1162 2368 1363 2432 quisque
1388 2368 1537 2414 salute

120 2444 299 2499 extitit,
332 2443 608 2510 dominique
635 2464 804 2510 parum
835 2457 915 2493 aut
949 2447 1084 2493 amici
1121 2446 1360 2492 meminit.
1396 2447 1448 2491 ln
1485 2463 1535 2493 ea

119 2520 390 2567 difficultate
425 2539 507 2567 rex
543 2539 650 2567 cum
684 2524 804 2569 senis
844 2533 1032 2569 tantum
1064 2522 1304 2587 equitibus
1341 2521 1536 2569 aberra-

169 2718 218 2761 (1)
245 2717 289 2750 La
303 2717 407 2759 Tees,
425 2717 559 2751 riviere
577 2717 641 2763 qui
657 2718 780 2763 separe
794 2716 827 2750 le
843 2718 962 2750 comte
980 2715 1115 2749 (1⁷York
1130 2715 1176 2749 de
1187 2715 1279 2750 celui
1295 2715 1340 2751 de
1356 2716 1536 2752 Durham.

169 2778 217 2820 (ἕξ)
245 2775 796 2820 HexhamsNorthumberland)v
809 2775 991 2810 Dent-etro
999 2774 1274 2810 devrait-onlire
1288 2791 1292 2809 :
1305 2776 1537 2812 Eboracum?
