1951 3194
385 287 464 325 226
751 279 993 318 HIsTORIA
1025 277 1425 318 ECCLESIASTICA.
1527 280 1800 331 [1081-1083]

386 360 776 411 archimandritas
812 356 1107 420 hujusmodi,
1145 357 1295 421 qualis
1327 358 1450 405 inter
1480 360 1615 424 lupos
1644 369 1690 406 et
1720 357 1799 403 hi-

385 442 549 489 dentes
574 440 674 486 sine
697 435 944 482 defensore
975 434 1092 482 solet
1126 434 1245 481 fieri.
1277 435 1415 495 Quod
1449 437 1584 483 facile
1607 437 1801 501 probari

388 529 544 585 potest.
567 515 625 563 ab
651 514 721 561 his
744 515 824 578 qui
852 512 1177 560 interfuerunt
1202 513 1249 559 in
1275 515 1504 561 Turstino
1524 515 1800 562 cadomensi

389 608 436 645 et
473 604 715 644 conventu
747 592 1063 640 Glestoniensi
1102 592 1123 654 <
1135 592 1196 655 1).
1243 591 1365 638 Nam
1402 592 1516 638 dum
1553 603 1804 656 protervus

390 674 530 721 abbas
550 682 739 738 cogeret
756 670 1026 718 Glestonios
1046 681 1257 726 cantum,
1285 688 1428 735 quem
1449 671 1592 735 Angli
1620 689 1642 717 a
1667 671 1805 717 disci-

389 753 514 818 pulis
537 751 661 798 beati
687 749 904 814 Gregorii
937 765 1071 812 papze
1107 748 1393 806 didicerant,
1429 749 1727 813 relinquere,
1760 759 1807 795 et

394 833 614 896 ignotum
640 827 728 874 sibi
760 845 848 874 nec
875 826 1090 873 auditum
1116 838 1250 873 antea
1280 837 1471 872 cantum
1495 825 1807 873 a'Flandreu-

393 910 521 956 sibus
545 925 625 955 seu
650 905 942 953 Norinannis
970 904 1201 960 ediscere,
1235 915 1338 951 orta
1368 915 1437 951 est
1467 904 1522 950 lis
1551 904 1776 951 acerrima
1794 939 1806 959 ,

393 1005 534 1053 quam
570 1003 681 1033 mox
714 995 869 1031 secuta
904 994 973 1029 est
1008 984 1123 1029 sacri
1160 983 1341 1029 ordinis
1375 983 1652 1047 ignominia.
1685 983 1810 1028 Dum

394 1066 521 1112 enim
565 1061 782 1109 monachi
822 1078 942 1107 nova
984 1060 1171 1108 nollent
1216 1060 1448 1124 suscipere
1484 1061 1726 1116 instituta,
1766 1071 1812 1107 et

395 1141 687 1189 contumacis
712 1139 925 1202 magistri
951 1138 1225 1201 persisteret
1252 1138 1527 1200 pertinacia,
1560 1138 1663 1183 la'1'ci
1697 1137 1813 1184 hero

396 1237 480 1266 suo
505 1217 743 1281 suffragati
771 1225 905 1270 sunt,
934 1214 1140 1261 ferentes
1165 1214 1358 1278 spicula.
1390 1214 1428 1260 A
1456 1214 1629 1279 quibus
1655 1232 1709 1261 ex
1736 1215 1814 1260 in-

396 1308 582 1363 sperato
613 1294 958 1343 monachorum
987 1293 1156 1339 concio
1186 1302 1255 1338 est
1282 1292 1568 1338 circumdata
1588 1328 1601 1348 ,
1636 1302 1683 1339 et
1709 1309 1816 1355 pars

397 1393 565 1424 eorum
590 1372 846 1420 crudeliter
869 1381 938 1417 est⁴
962 1387 1175 1434 percussa
1194 1405 1206 1425 ‚
1233 1386 1285 1415 ac
1316 1379 1370 1414 ut
1398 1369 1552 1415 fertur
1582 1368 1818 1415 lethaliter

398 1454 618 1500 sauciata.
647 1450 799 1497 Multa
824 1448 896 1495 his
923 1448 1090 1494 similia
1118 1447 1285 1494 referri
1309 1457 1502 1510 possent
1519 1482 1531 1502 ,
1561 1446 1596 1491 si
1629 1445 1818 1492 lectoris

397 1532 610 1578 animum
636 1526 890 1575 salubriter
914 1524 1222 1572 aedificarent.
1245 1524 1423 1571 Verum
1449 1524 1558 1588 quia
1584 1522 1684 1569 haec
1709 1533 1820 1568 sunt

400 1610 558 1655 minus
577 1607 710 1662 laeta,
731 1605 802 1652 his
820 1603 1003 1651 omissis
1027 1603 1226 1649 festinus
1246 1602 1409 1647 stilum
1428 1612 1608 1647 vertam
1631 1601 1687 1646 ad
1712 1600 1816 1646 alia.

469 1684 661 1749 [1070.]
676 1681 1003 1729 Guitmundus
1016 1677 1298 1725 venerabilis
1315 1676 1574 1724 monachus
1591 1677 1819 1732 coenobii,

404 1761 534 1829 quod
553 1779 668 1808 crux
684 1759 900 1806 Heltonis
915 1758 1092 1804 dicitur
1112 1757 1182 1820 (2)
1195 1793 1207 1813 ‚
1228 1756 1308 1801 ubi
1328 1756 1560 1821 gloriosus
1581 1756 1823 1802 confessor

407 1841 583 1888 Christi
621 1836 912 1886 Leudfredus
956 1846 1171 1899 tempore
1213 1833 1475 1880 Hildeberti
1518 1844 1565 1879 et
1596 1834 1823 1898 Hilperiei

401 1921 653 1985 juniorum
682 1933 849 1980 regum
874 1913 1084 1961 Domino
1113 1912 1320 1959 feliciter
1348 1928 1497 1958 vam
1529 1911 1663 1957 annis
1695 1911 1827 1957 mili-

410 2008 527 2043 tasse
545 1995 721 2060 legitur
741 1993 832 2056 (5),
857 1992 990 2056 regio
1007 1993 1140 2055 jussu
1158 1990 1425 2046 accersitus,
1446 1999 1651 2053 pontum
1673 2000 1829 2034 trans-

410 2074 631 2128 fretavit,
672 2083 719 2118 et
751 2070 966 2117 oblatum
992 2067 1079 2114 sibi
1111 2086 1134 2114 a
1158 2085 1267 2132 rege
1300 2077 1346 2114 et
1375 2067 1654 2130 proceribus
1691 2067 1827 2130 regni

414 2169 534 2198 onus
570 2148 866 2196 ecclesiastici
902 2146 1147 2210 regiminis
1171 2148 1373 2192 omnino
1398 2141 1680 2207 repudiavit.
1719 2143 1830 2187 Erat

416 2229 545 2276 enim
563 2244 665 2273 aevo
685 2237 898 2271 maturus
920 2236 967 2270 et
984 2224 1254 2288 religiosus,
1282 2240 1333 2267 ac
1350 2221 1540 2267 scientia
1563 2220 1831 2267 litterarum

418 2305 786 2360 eruditissimus3
814 2305 945 2366 cujus
971 2302 1148 2367 ingenii
1173 2300 1457 2365 praeclarum
1478 2299 1714 2363 specimen
1739 2299 1834 2345 evi-

470 2517 519 2561 (1)
546 2513 700 2547 Turstin
725 2512 782 2546 sut
800 2510 925 2557 appele
944 2511 963 2543 a
986 2508 1222 2543 administrer
1239 2508 1272 2542 le
1293 2509 1496 2543 monastere
1521 2508 1566 2543 de
1589 2507 1837 2554 Glastonbury

427 2589 470 2609 en
496 2575 594 2609 1081.
616 2575 680 2607 Les
696 2571 873 2605 violences
892 2571 1076 2604 racoutees
1095 2582 1160 2616 par
1179 2576 1283 2603 notre
1299 2576 1430 2603 auteur
1443 2576 1573 2603 eurent
1586 2569 1658 2603 lieu
1672 2580 1716 2602 en
1738 2566 1836 2602 1085..

477 2646 525 2689 (2)
551 2645 599 2677 La
615 2638 1018 2677 Croix-Saint-Leufroi
1030 2667 1038 2681 ‚
1056 2645 1160 2672 entre
1178 2629 1318 2671 Evreux
1336 2644 1371 2671 et
1388 2637 1546 2671 Gaillon.

477 2713 524 2758 (ὅ)
551 2713 653 2747 Saint
678 2710 823 2745 Lcusroi
850 2715 999 2743 mourut
1027 2718 1105 2741 vers
1133 2705 1218 2753 738,
1247 2706 1335 2739 (lans
1358 2705 1391 2739 le
1413 2705 1614 2738 monasti-re
1637 2703 1723 2749 qu'il
1751 2704 1844 2737 avait

433 2773 561 2807 lonile,
586 2772 688 2815 apri-s·
710 2770 831 2803 l'ax‘oir
849 2768 1064 2802 adininistre
1082 2766 1362 2813 quaranta-{mit
1377 2778 1449 2799 ans.
