1951 3194
322 252 397 289 106
686 253 930 291 HISTORIA
960 253 1360 294 ECCLESIASTICA.
1478 261 1597 308 [emes
1615 262 1733 310 1063]

383 330 471 375 IX.
490 330 726 376 Ernaldus
741 330 798 378 de
815 331 1071 390 Escalfoio,
1089 333 1330 381 Willermi
1349 336 1573 385 Geroiani
1589 339 1731 397 filius,

316 418 571 472 postquam
602 407 658 455 de
686 408 857 472 Apulia
893 427 1117 474 prospere
1150 414 1401 471 remeavit,
1424 415 1735 463 VVillermum

317 483 485 531 ducem
515 484 654 541 adiit,
688 485 825 550 eique
855 488 1247 549 preciosissimam
1270 490 1445 553 pallam
1474 504 1736 556 praesenta-

316 562 409 617 vit,
442 579 667 627 suamque
695 562 754 609 ab
792 564 894 628 ipso
932 566 1178 614 humiliter
1215 568 1540 617 haereditatem
1578 573 1735 637 requi-

318 639 444 684 sivit.
495 639 600 685 Dux
647 650 807 687 autem
855 643 1157 690 considerans
1201 645 1503 693 nobilitatem
1552 649 1641 693 viri
1689 660 1737 695 et

318 718 559 782 ingentem
595 718 910 781 probitatem,
943 722 1250 787 recolensque
1280 741 1411 769 suam
1447 735 1613 771 contra
1652 726 1735 772 Ce-

318 813 584 843 nomannos
604 808 651 843 et
670 797 912 854 Britones‚
931 799 1139 865 aliosque
1160 799 1249 846 sibi
1271 802 1539 849 resistentes
1559 802 1736 866 probo—

316 892 425 920 rum
451 874 660 920 militum
679 877 987 940 paucitatem,
1007 879 1107 941 jam
1128 877 1283 924 lenior
1302 878 1494 925 effectus
1519 881 1559 927 ei
1581 891 1736 927 reatus

316 950 543 1006 indulsit,
572 951 785 1018 datisque
815 954 1016 1001 induciis
1047 956 1392 1018 patrimonium
1421 974 1558 1003 suum
1590 975 1636 1004 se
1666 958 1735 1004 illi

316 1028 612 1076 redditurum
651 1032 940 1095 spopondit,
974 1044 1020 1079 et
1050 1050 1199 1098 usque
1225 1033 1281 1079 ad
1310 1044 1540 1081 statutum
1566 1037 1736 1083 termi-

315 1124 434 1153 num
471 1125 554 1171 per
598 1118 773 1155 terram
815 1129 947 1156 suam
988 1110 1130 1157 eundi
1175 1123 1219 1158 et
1265 1112 1491 1159 redeundi
1537 1112 1735 1160 liberam

315 1185 616 1232 securitatem
655 1189 904 1235 concessit.
959 1188 1195 1235 Ernaldus
1240 1190 1397 1254 itaque
1443 1208 1557 1238 vana
1604 1191 1734 1238 ducis

312 1261 629 1324 promissione
670 1274 888 1328 percepta
930 1264 1117 1311 laetatus
1157 1275 1259 1322 est,
1309 1265 1387 1310 sed
1430 1265 1635 1323 frustra,
1684 1279 1736 1313 ut

314 1338 457 1401 paulo
496 1350 605 1404 post
642 1339 953 1387 dilucidatum
994 1352 1079 1388 est.
1123 1342 1245 1388 Nam
1280 1341 1473 1389 Mabilia
1502 1343 1734 1390 Talavacii

312 1415 407 1462 filia
442 1415 604 1463 lethali
637 1435 823 1465 veneno
854 1418 1015 1465 cibum
1046 1429 1093 1466 et
1115 1429 1284 1483 potum
1316 1419 1499 1477 infecit,
1532 1437 1736 1485 eumque

311 1491 427 1539 dum
457 1492 515 1540 de
546 1495 673 1540 curia
703 1495 834 1541 ducis
867 1496 917 1542 in
947 1495 1150 1542 Galliam
1178 1507 1437 1553 remearet,
1469 1497 1598 1543 refici
1628 1500 1735 1561 jus—

314 1568 396 1625 sit;
419 1569 497 1615 sed
521 1570 586 1616 illi
609 1589 693 1635 per
711 1572 965 1637 quemdam
986 1573 1191 1618 amicum
1213 1591 1349 1619 suum
1371 1573 1467 1620 doli
1489 1575 1735 1621 conscium

311 1655 500 1692 tantum
519 1647 647 1694 nefas
674 1649 906 1696 innotuit.
927 1649 1066 1697 Unde
1085 1650 1200 1696 dum
1224 1650 1348 1715 apud
1370 1650 1654 1698 Escalfoium
1677 1651 1734 1698 ad

312 1724 541 1788 quosdam
575 1727 749 1773 amicos
786 1746 894 1776 suos
930 1728 1303 1792 colloqueretur,
1342 1739 1388 1776 et
1422 1747 1446 1774 a
1481 1728 1733 1775 clientibus

312 1801 524 1864 praefatae
552 1803 765 1850 mulieris
788 1804 844 1851 ad
869 1806 1144 1852 convivium
1166 1823 1273 1853 cum
1297 1823 1477 1852 summa
1500 1823 1640 1869 prece
1665 1807 1735 1852 in-

310 1880 560 1937 vitaretur,
596 1899 782 1929 memor
809 1884 946 1930 amici
979 1884 1202 1947 jussionis
1237 1883 1508 1930 nullatenus
1538 1882 1735 1948 adquie-

311 1958 408 2016 vit,
448 1959 525 2006 sed
561 1961 763 2008 omnino
803 1961 963 2008 cibum
998 1973 1045 2009 ct
1081 1973 1278 2026 potum,
1323 1963 1371 2008 in
1411 1979 1509 2027 quo
1550 1961 1733 2009 lethum

312 2036 460 2083 inesse
495 2038 762 2096 metuebat,
795 2040 1078 2103 repudiavit.
1103 2041 1280 2087 Verum
1312 2039 1605 2087 Gislebertus
1634 2040 1733 2085 fra-

312 2122 383 2158 ter
403 2114 594 2178 Rogerii
628 2115 684 2162 de
716 2117 1149 2164 Monte-Gomerici
1166 2154 1178 2174 ,
1206 2118 1287 2183 qui
1320 2116 1603 2181 praedictum
1633 2117 1730 2161 Er-

312 2189 508 2236 naldum
540 2192 863 2253 conducebat,
892 2205 1059 2258 utpote
1084 2196 1166 2259 qui
1198 2195 1386 2258 penitus
1418 2193 1514 2239 doli
1545 2194 1728 2239 nescius

310 2277 433 2324 erat,
463 2268 695 2333 scyphum
720 2272 923 2335 accepit,
950 2290 1090 2336 super
1113 2289 1287 2335 equum
1311 2270 1518 2317 residens
1542 2287 1729 2315 merum

308 2343 460 2403 bibit,
487 2357 534 2393 et
552 2365 737 2395 veneno
759 2349 961 2395 infectus
986 2349 1108 2412 apud
1133 2348 1471 2394 Raimalastum
1491 2348 1564 2410 (1)
1591 2348 1725 2394 tertia

309 2423 383 2470 dic
417 2423 555 2471 obiit.
586 2426 662 2472 Sic
687 2426 863 2490 perfida
889 2427 1061 2474 mulier
1084 2426 1197 2473 dum
1221 2427 1378 2472 mariti
1404 2427 1474 2472 sui
1502 2425 1726 2472 aemulum

309 2503 584 2567 extinguere
614 2506 827 2568 putavit,
865 2506 1022 2551 mariti
1055 2506 1122 2551 sui
1157 2505 1352 2550 unicum
1384 2504 1606 2558 fratrem,
1642 2503 1724 2565 qui

309 2578 457 2624 multa
481 2580 724 2628 honestate
751 2583 799 2627 in
825 2583 961 2628 annis
985 2581 1313 2629 adolescentia]
1333 2591 1379 2627 ct
1398 2579 1599 2645 equestri
1621 2596 1725 2641 pro-

359 2752 408 2795 (ι)
439 2752 627 2788 Rom-aiam
650 2760 674 2792 ss<
688 2759 795 2802 hnc,-
