1951 3194
191 272 293 318 [x1v⁰
317 274 558 304 mxvffiocr.
579 265 697 314 1066]
733 261 891 300 LIBER
922 261 1156 300 TERTIUS.
1531 264 1601 299 151

252 345 357 390 Dux
376 342 660 389 Guillelmus
685 340 951 405 Anglorum
974 339 1196 386 cohortes
1222 338 1469 402 inopinato
1493 355 1608 385 con-

185 421 396 488 globatas
424 437 621 467 cernens
644 437 745 466 non
770 417 982 464 substitit
997 454 1008 473 ‚
1033 416 1111 464 sed
1133 416 1441 462 Eustachium
1460 417 1608 464 comi-

189 511 283 546 tem
308 516 415 544 cum
436 496 666 543 militibus
690 495 1035 560 quinquaginta
1057 511 1269 541 aversum
1284 530 1297 551 ‚
1324 503 1370 540 et
1394 495 1604 557 receptui

185 578 314 642 signa
327 593 493 622 canere
504 575 762 630 volentem,
777 590 836 619 ne
852 571 1003 619 abiret
1015 572 1141 618 virili
1154 589 1268 619 voce
1283 572 1603 636 compellavit.

185 640 268 701 Ille
292 663 459 700 contra
484 651 780 698 familiariter
802 650 851 695 in
871 666 1032 696 aurem
1053 649 1185 695 ducis
1209 649 1414 696 reditum
1438 651 1601 708 suasit,

183 742 230 777 et
253 730 521 794 proximam
545 729 616 785 ei,
649 728 684 774 si
715 737 933 792 pergeret
949 762 962 783 ‚
991 736 1198 774 mortem
1221 726 1462 790 praedixit.
1490 728 1603 773 Haec

182 810 308 855 inter
340 806 481 854 verba
515 823 761 871 percussus
795 803 1077 850 Eustachius
1108 804 1234 850 inter
1265 805 1472 868 scapulas
1506 806 1603 851 ictu

182 903 359 933 sonoro
385 886 534 948 (cujus
557 883 837 949 gravitatem
857 882 1016 928 statim
1037 881 1225 945 sanguis
1247 881 1604 929 demonstrabat

180 978 264 1008 ore
280 969 326 1007 et
341 957 576 1022 naribus),
592 957 724 1022 quasi
743 955 1061 1003 moribundus
1080 972 1170 1019 ope
1190 955 1423 1002 comitum
1438 957 1600 1002 evasit.

178 1037 288 1082 Dux
305 1046 460 1082 autem
481 1034 680 1080 victoria
698 1043 1026 1080 consummata
1044 1031 1102 1078 ad
1118 1049 1274 1078 aream
1293 1030 1406 1078 belli
1426 1050 1602 1097 regres-

178 1132 253 1159 sus
278 1123 347 1159 est
365 1148 376 1168 ,
407 1112 568 1176 ibique
597 1109 914 1158 miserabilem
941 1120 1144 1173 stragem
1171 1126 1271 1155 non
1298 1108 1474 1175 absque
1503 1111 1602 1155 mi-

178 1191 411 1237 seratione
437 1187 688 1235 videndam
723 1187 926 1233 intuitus
955 1197 1040 1234 est.
1080 1186 1296 1251 Anglicee
1335 1185 1601 1233 nobilitatis

178 1277 223 1313 et
242 1266 506 1331 juventutis
529 1265 616 1312 flos
643 1266 693 1311 in
717 1282 886 1311 cruore
911 1262 1176 1311 sordidatus
1200 1264 1291 1311 late
1314 1263 1470 1311 solum
1491 1282 1602 1329 ope-

178 1344 295 1389 ruit.
318 1342 545 1390 Heraldus
567 1341 849 1407 quibusdam
866 1341 1009 1405 signis
1033 1349 1125 1396 est,
1149 1357 1247 1387 non
1269 1340 1414 1399 facie,
1432 1358 1601 1406 recog—

178 1422 332 1479 nitus,
366 1431 412 1468 et
444 1421 493 1466 in
522 1431 670 1466 castra
700 1420 831 1465 ducis
860 1418 1066 1478 delatus,
1095 1435 1147 1464 ac
1177 1418 1234 1464 ad
1266 1418 1599 1466 tumulandum

176 1515 326 1562 prope
369 1498 505 1544 littus
543 1497 711 1554 maris,
756 1496 887 1561 quod
917 1495 1000 1542 diu
1044 1513 1153 1541 cum
1195 1495 1336 1541 armis
1381 1513 1599 1543 servave-

174 1586 274 1633 rat,
302 1575 559 1622 Guillelmo
588 1574 842 1639 agnomine
874 1573 1048 1620 Maleto
1074 1573 1269 1620 victoris
1290 1575 1421 1637 jussu
1447 1575 1596 1620 tradi-

176 1664 248 1699 tus
277 1654 366 1718 (1).

237 1730 468 1796 vergibili
492 1731 687 1778 fortuna
712 1729 995 1778 mortalibus
1024 1730 1070 1775 in
1100 1730 1239 1776 terris
1264 1729 1596 1794 suppeditante

219 1884 268 1930 (1)
295 1885 396 1918 Tout
411 1884 444 1918 le
464 1883 598 1918 monde
612 1884 680 1917 sait
698 1882 789 1930 qu’il
804 1895 822 1916 a
840 1883 953 1917 existe
970 1881 1153 1928 plusieurs
1166 1882 1328 1916 versions
1344 1894 1407 1917 sur
1422 1883 1472 1917 les
1492 1883 1593 1918 sune-

172 1943 291 1976 railles
321 1943 365 1976 de
393 1943 553 1986 Harold,
581 1942 672 1976 dont
696 1942 730 1976 le
755 1954 860 1988 corps
880 1941 999 1975 aurait
1023 1943 1080 1975 ete
1104 1942 1177 1975 tres
1197 1942 1345 1984 inutile,
1377 1943 1404 1976 si
1431 1955 1522 1977 nous
1547 1957 1594 1978 en

172 2002 338 2047 croyions
352 2001 403 2036 les
418 2001 545 2035 details
560 2000 790 2035 visiblement
804 2001 967 2034 inventes
986 2001 1091 2046 apres
1108 2012 1202 2047 coup
1220 2013 1285 2047 par
1300 2002 1373 2035 Gui
1388 2001 1590 2037 d’AmienS.

172 2060 260 2094 Sans
289 2071 380 2093 nous
409 2073 431 2105 y
459 2059 609 2101 arreter,
642 2070 734 2092 nous
764 2058 890 2092 (lirons
919 2071 991 2106 que
1020 2058 1162 2093 suivant
1194 2065 1252 2093 cet
1281 2065 1423 2102 auteur,
1456 2059 1490 2094 le
1521 2061 1593 2094 duc

172 2120 289 2153 aurait
307 2147 315 2163 ‚
353 2120 456 2165 apres
483 2118 516 2152 13
545 2117 711 2160 bataille‚
744 2117 928 2161 recueilli‚
964 2118 1164 2165 enveloppe
1194 2117 1284 2152 dans
1316 2130 1368 2152 un
1398 2120 1517 2153 suaire
1547 2120 1593 2154 de

173 2191 341 2225 pompre,
356 2186 393 2213 et
410 2180 576 2225 emporte
591 2177 680 2212 (lans
695 2190 761 2212 son
778 2190 894 2224 camp,
910 2178 960 2212 les
975 2190 1170 2212 morceaux
1183 2178 1235 2212 (111
1253 2190 1358 2225 corps
1373 2178 1418 2213 de
1436 2179 1588 2214 Ilarold.

172 2238 217 2271 Le
233 2246 326 2272 reste
340 2238 388 2272 du
404 2239 495 2273 re'cit
511 2245 565 2272 est
581 2244 675 2272 tout·
684 2238 790 2271 il-sait
807 2237 994 2272 conforme
1012 2240 1030 2271 a
1049 2237 1143 2272 celui
1163 2238 1207 2272 de
1224 2238 1434 2272 Guillaume
1449 2238 1495 2272 de
1509 2239 1591 2273 Poi-

171 2297 258 2330 tiers
285 2304 321 2331 et
341 2298 553 2341 d’Orderic,
582 2300 609 2331 si
629 2310 669 2332 ce
689 2298 781 2332 n’est
804 2310 875 2345 que
895 2298 1103 2332 Guillanme
1129 2298 1273 2341 Mallet,
1304 2311 1348 2332 au
1374 2298 1448 2331 lieu
1474 2298 1590 2333 d⁷etre

170 2356 296 2402 appele
322 2370 387 2402 par
412 2369 476 2391 son
495 2370 600 2399 nom,
632 2365 686 2392 est
713 2358 863 2404 designe
888 2371 953 2404 par
978 2357 1009 2391 13
1034 2357 1282 2405 (lualification
1303 2357 1348 2391 de
1369 2357 1588 2391 demi-Ror-

170 2415 297 2457 mand,
320 2415 608 2462 demi-Anglais3
635 2430 674 2451 ce
704 2418 766 2464 qui
798 2417 957 2451 teudrait
982 2419 998 2450 a
1030 2418 1120 2451 saire
1149 2417 1267 2450 croire
1290 2416 1372 2463 qu'it
1398 2415 1589 2463 l'exeniple

170 2473 257 2507 d'un
276 2474 413 2507 certain
432 2474 583 2508 nombre
597 2475 642 2509 de
661 2488 714 2509 ses
731 2476 987 2522 compatriotes
1000 2504 1008 2519 ‚
1031 2475 1055 2509 il
1074 2476 1161 2509 etait
1174 2474 1283 2508 etabli
1302 2487 1346 2508 en
1367 2474 1587 2520 Angleterre

169 2533 478 2567 anterieurement
492 2535 509 2566 ἐι
524 2533 556 2566 13
576 2534 767 2580 εοῐιψιόῑρ.
788 2536 834 2568 La
849 2534 1082 2568 coincidence
1097 2561 1105 2576 ,
1125 2546 1168 2567 au
1189 2533 1283 2579 sujet
1297 2533 1360 2567 (les
1378 2533 1586 2569 suuerailles

168 2592 213 2626 de
230 2592 388 2634 Harohl,
415 2592 460 2626 de
482 2592 577 2627 deux
595 2593 769 2626 ecrivains
792 2593 885 2626 aussi
904 2593 1037 2626 voisins
1053 2593 1098 2626 de
1117 2592 1372 2635 l’e'venenient,
1396 2599 1432 2627 et
1451 2595 1544 2628 aussi
1566 2597 1584 2628 ξι

169 2653 293 2696 portec
311 2650 425 2685 cl⁷etre
440 2650 525 2684 bien
545 2651 718 2684 informes
743 2663 814 2697 que
838 2651 913 2685 Gui
934 2650 1122 2685 d’Amiens
1143 2656 1180 2684 et
1203 2649 1416 2685 Guillaume
1434 2651 1480 2685 de
1497 2653 1582 2686 Poi-

168 2710 274 2753 tiers,
296 2722 341 2744 ne
370 2717 511 2756 permet
539 2711 650 2756 gnere
675 2708 718 2743 (le
743 2709 873 2744 doutcr
898 2722 969 2756 quc
993 2717 1098 2744 notre
1123 2716 1253 2744 auteur
1277 2710 1365 2744 n’ait
1392 2723 1437 2745 eu
1464 2714 1582 2747 raison

167 2768 355 2815 d'adopter
372 2769 451 2803 leur
468 2770 570 2804 recit.
593 2770 693 2804 Nous
719 2781 826 2803 avons
846 2771 1017 2816 rapportc
1040 2782 1085 2804 cn
1103 2769 1213 2804 detail
1232 2769 1377 2805 ailleurs
1395 2773 1514 2814 (notes
1532 2773 1580 2807 du

173 2829 311 2862 Roman
330 2828 374 2862 (le
393 2829 486 2873 Rau)
506 2829 537 2863 13
560 2828 640 2876 plus
664 2829 836 2875 poetique
860 2836 894 2864 et
919 2828 950 2863 la
975 2828 1056 2875 plus
1081 2829 1277 2864 touchante
1300 2828 1363 2864 des
1385 2830 1581 2865 1131111103»-
