1951 3194
147 303 415 353 [1059-1061]
634 300 785 339 LIBER
815 299 1052 337 TERTIUS.
1497 299 1548 335 69

146 389 285 434 runt,
324 376 482 441 ibique
515 377 772 423 Willermo
807 376 913 422 duci
948 384 1379 440 praesentaverunt,
1415 374 1551 437 eique

147 453 490 501 monachorum
520 454 800 501 electionem
822 464 964 517 atque
994 453 1274 517 petitionem
1308 451 1552 497 intimave-

148 541 277 577 runt.
306 533 422 578 Dux*
444 541 600 578 autem
625 548 791 577 eorum
815 531 1036 593 petitioni
1068 530 1332 595 adquievit,
1359 539 1406 576 et
1429 546 1554 592 prae-

146 607 245 655 fato
269 609 397 666 viro,
424 610 505 674 qui
529 608 703 655 electus
724 617 846 660 erat,
873 625 956 670 per
983 607 1248 654 cambutam
1269 607 1425 654 lvonis
1449 605 1554 669 epi-

149 683 276 746 scopi
290 683 517 747 Sagiensis
532 681 814 728 exteriorem
829 679 945 725 abba
954 681 1030 726 tiae
1044 691 1323 744 potestatem
1341 679 1550 725 tradidit.

149 759 428 806 Willermus
446 776 559 806 vero
579 757 876 805 Ebroicensis
895 758 1140 822 episcopus
1160 758 1436 804 interiorem
1459 756 1556 802 ani—

151 856 334 883 marum
352 855 511 883 curam
531 855 614 900 per
627 835 949 901 pontificalem
967 835 1351 884 benedictionem
1370 846 1440 882 x10
1461 835 1553 881 kal.

142 915 249 978 julii
269 915 576 979 spiritualiter
595 913 962 973 commendavit.
986 911 1255 961 Rodbertus
1283 914 1439 977 itaque
1460 913 1555 975 jam

149 992 290 1038 abbas
307 993 499 1040 effectus
517 1011 590 1039 res
608 992 882 1039 monasterii
905 992 1053 1055 coepit
1071 990 1322 1056 diligenter
1339 1000 1558 1046 tractare,

151 1082 197 1116 et
216 1088 271 1116 cx
290 1082 543 1134 parentum
569 1087 764 1117 suorum
784 1069 959 1115 divitiis
978 1070 1287 1116 necessarium
1313 1069 1455 1115 servis
1474 1067 1560 1113 Dei

153 1145 413 1193 subsidium
445 1147 730 1193 sufficienter
767 1145 1118 1202 administrare3
1153 1147 1299 1209 justas
1332 1144 1561 1191 observa—

156 1224 339 1280 tiones,
375 1241 489 1287 quas
517 1225 621 1287 pius
655 1222 970 1286 praedecessor
1003 1225 1100 1286 ejus
1136 1223 1427 1279 instituerat,
1463 1238 1561 1268 non

155 1302 309 1347 solum
329 1317 426 1347 non
455 1302 722 1357 imminuit,
751 1301 828 1347 sed
854 1301 1012 1357 etiam,
1040 1319 1128 1364 pro
1153 1301 1338 1348 ratione
1367 1310 1413 1346 et
1438 1309 1563 1345 tem-

157 1396 288 1442 pore,
305 1380 584 1426 auctoritate
594 1382 846 1443 majorum,
867 1378 940 1426 vel
952 1380 1168 1443 exemplo
1180 1380 1448 1425 vicinorum
1461 1394 1566 1441 per-

158 1458 276 1502 citus
300 1458 639 1521 augmentavit.
666 1459 767 1520 Ipse
791 1457 1006 1522 quidem,
1036 1458 1150 1503 dum
1176 1457 1327 1503 adhuc
1352 1455 1565 1520 neophy-

158 1542 231 1578 tus
266 1543 391 1590 erat,
431 1534 659 1597 permissu
691 1532 972 1580 venerabilis
1005 1533 1251 1580 Teoderici
1285 1533 1564 1579 Cluniacum

159 1621 451 1672 perrexerat,
479 1609 558 1656 ubi
586 1620 699 1656 tunc
722 1611 996 1658 monasticae
1021 1609 1237 1674 phalangi
1263 1611 1400 1674 Hugo
1423 1608 1566 1655 abbas

160 1687 452 1751 temporibus
472 1689 646 1735 nostris
674 1689 868 1752 speciale
901 1688 1245 1736 monachorum
1267 1688 1407 1735 decus
1435 1705 1568 1752 prae-

159 1775 274 1811 erat.
301 1764 438 1811 'Unde
469 1783 573 1812 cum
604 1777 711 1829 post
732 1766 915 1830 aliquot
939 1776 1124 1830 tempus
1149 1766 1349 1822 rediret,
1375 1782 1570 1830 magna-

162 1842 277 1887 nimi
325 1843 537 1908 Hugonis
584 1843 909 1890 munificentia
959 1843 1291 1890 Bernefridum
1336 1843 1571 1889 illustrem

162 1921 449 1967 monachum
494 1922 605 1986 (qui
652 1922 959 1985 postmodum
999 1922 1243 1986 episcopus
1281 1920 1431 1966 factus
1470 1920 1568 1982 est)

162 2015 320 2043 secum
343 1997 559 2052 adduxit;
582 2016 784 2063 eumque
806 2009 859 2044 ut
884 2015 1038 2045 mores
1062 1998 1442 2044 cluniacensium
1463 1996 1573 2042 Uti-

164 2074 379 2121 censibus
424 2076 665 2123 intimaret
681 2112 693 2133 ,
734 2075 1007 2140 aliquandiu
1050 2074 1313 2122 honorifice
1351 2074 1569 2121 retinuit.

163 2152 260 2198 Sub
284 2170 339 2200 eo
363 2152 418 2199 ad
443 2153 803 2200 conversionem
826 2153 1080 2200 Mainerius
1105 2151 1378 2198 Gunscelini
1403 2151 1460 2197 de
1482 2151 1575 2196 Es·-

166 2230 336 2278 calfoio
370 2231 491 2277 filius
522 2231 680 2285 venit3
719 2231 799 2294 qui
835 2240 943 2294 post
974 2230 1155 2294 aliquot
1186 2246 1335 2276 annos
1368 2227 1576 2291 ejusdem·

167 2307 375 2354 coenobii
414 2309 625 2372 regimen
656 2307 885 2370 suscepit,
925 2307 1154 2371 annisque
1192 2324 1275 2353 xxl
1311 2317 1358 2353 et
1395 2305 1573 2352 mensi-·

169 2384 253 2430 bus
278 2402 345 2430 vn
371 2386 551 2431 utiliter
577 2386 749 2431 tenuit.

232 2461 411 2509 Eodem
429 2472 640 2525 tempore
657 2463 887 2510 Rodulfus
907 2472 1226 2526 cognomento
1246 2459 1576 2506 Mala-Corona

173 2541 205 2585 U
217 2541 362 2585 ticum
380 2539 526 2594 venit,
551 2538 710 2603 ibique
727 2557 833 2585 cum
850 2539 1095 2586 Rodberto
1110 2538 1294 2592 abbate,
1316 2554 1401 2583 suo
1419 2537 1576 2583 videli-

171 2627 244 2661 cet
257 2625 447 2679 nepote,
462 2614 638 2660 diutius
656 2615 899 2661 habitavit.
916 2616 1002 2660 Hic
1017 2615 1263 2669 nimirum,
1283 2623 1336 2657 ut
1351 2613 1492 2676 paulo
1505 2631 1577 2659 stt-2

172 2695 327 2757 perius
345 2693 553 2739 breviter
571 2692 891 2748 meminimus,
915 2691 972 2736 ab
995 2690 1190 2736 infantia
1214 2691 1381 2738 litteris
1401 2690 1577 2736 affatim

174 2771 377 2826 studuit,
413 2782 453 2818 ct
483 2770 646 2817 Galliae
677 2770 912 2834 ltaliaeqiw
939 2769 1192 2816 scrutando
1220 2768 1396 2816 scholas
1425 2787 1577 2816 serre<
