1951 3194
118 265 255 313 [1078]
606 262 758 300 LIBER
787 263 1041 311 QUARTUS.
1456 267 1532 304 257

117 339 306 386 hostiles
336 356 510 387 cuneos
547 357 706 387 secum
741 340 921 387 eduxit.
953 341 1306 406 Andegavenses
1337 359 1450 389 vero
1485 354 1532 390 et

115 417 352 474 Britones‚
370 428 618 481 comperto
632 418 753 482 regis
764 428 810 465 et
823 420 1069 482 agminum
1083 421 1179 483 ejus
1190 419 1415 479 adventu,
1429 437 1528 467 non

118 494 347 559 fugerunt
358 530 370 551 ,
388 495 465 541 sed
479 496 637 560 potius
652 496 857 559 Ligerim
870 495 902 541 ss
910 497 1067 541 uvium
1083 496 1303 544 audacter
1315 508 1531 561 pertran-

117 572 316 628 sierunt,
334 583 380 618 et
394 574 666 631 transvecti,
680 591 739 619 ne
753 573 1014 619 timidiores
1030 592 1110 637 spe
1124 575 1334 639 fugiendi
1347 577 1533 640 segnius

117 649 468 712 praeliarentur,
486 650 674 714 scaphas
689 669 791 696 suas
807 651 1159 698 destruxerunt.
1177 655 1300 699 Dum
1316 664 1533 719 utraeque

117 731 235 775 acies
263 729 320 774 ad
345 728 622 792 ambiguum
652 739 891 775 certarnen
923 740 1222 792 pararentur,
1255 730 1533 779 horribiles-

118 823 210 870 que
233 823 322 870 pro
345 815 500 852 morte
525 815 571 852 et
596 806 820 862 miseriis,
846 823 955 870 quae
979 816 1186 853 mortem
1212 808 1532 871 reproborum

118 894 402 948 sequuntur,
425 883 619 930 timores
637 882 879 930 mentibus
895 884 1162 930 multorum
1180 885 1530 948 ingererentur,

118 960 310 1024 quidam
332 962 561 1007 Romanae
581 961 786 1007 ecclesiae
812 960 1060 1007 cardinalis
1085 960 1335 1026 presbyter
1354 973 1402 1008 et
1423 963 1532 1009 reli-

117 1039 233 1103 giosi
252 1038 472 1085 monachi
493 1038 657 1086 divino
676 1050 799 1085 nutu
816 1038 1012 1094 adsunt,
1033 1039 1269 1102 principes
1287 1040 1534 1105 utriusque

120 1117 317 1180 legionis
339 1116 568 1162 divinitus
591 1117 785 1162 animati
810 1116 1008 1173 adeunt,
1036 1116 1288 1163 obsecrant
1307 1128 1354 1164 et
1370 1118 1536 1164 redar-

120 1205 291 1258 guunt.
312 1194 507 1243 Viritim
527 1211 583 1240 ex
601 1204 735 1258 parte
755 1194 838 1240 Dei
860 1194 1041 1241 bellum
1058 1193 1321 1258 prohibent
1332 1231 1345 1252 ,
1368 1194 1537 1242 admo—

121 1272 280 1320 nendo
304 1284 351 1320 et
375 1273 588 1337 rogando
611 1290 775 1336 pacem
801 1271 1015 1319 suadent.
1045 1272 1300 1320 Gratanter
1324 1273 1395 1320 his
1413 1276 1536 1337 jun—

122 1360 303 1414 guntur
319 1349 600 1397 Guillelmus
618 1348 917 1397 Ebroicensis
936 1359 983 1395 et
1001 1350 1232 1413 Rogerius
1247 1351 1342 1413 (1),
1364 1350 1538 1415 aliique

124 1428 338 1483 comites,
355 1427 631 1492 strenuique
642 1427 894 1491 optimates
904 1445 917 1483 3
940 1427 1022 1491 qui
1037 1427 1158 1473 sicut
1172 1438 1309 1474 erant
1325 1429 1538 1492 prompti

124 1517 171 1553 et
194 1506 386 1553 audaces
410 1505 467 1552 ad
491 1506 726 1569 legitimos
749 1522 920 1570 agones
937 1541 950 1562 ,
984 1506 1049 1550 sic
1079 1506 1312 1552 nimirum
1333 1506 1541 1570 perhor-

124 1581 295 1629 rebant
326 1600 410 1646 per
433 1581 704 1646 superbiam
728 1593 775 1629 et
804 1582 1084 1645 injustitiam
1107 1581 1267 1629 subire
1291 1582 1542 1630 conflictus

125 1659 437 1707 detestabiles.
459 1659 726 1707 Veredariis
751 1661 908 1725 itaque
931 1660 1105 1706 Christi
1125 1661 1250 1724 pacis
1270 1662 1447 1707 semina
1470 1679 1543 1708 se—

126 1737 341 1785 rentibus
366 1737 732 1785 ambitiosorum
757 1748 918 1784 tumor
943 1739 1237 1803 conquiescit
1269 1740 1467 1797 nimius,
1497 1750 1544 1786 et

126 1815 492 1863 formidantium
508 1816 654 1862 timor
669 1815 898 1880 paulatim
913 1816 1141 1864 decrescit
1157 1817 1374 1880 pallidus.
1393 1818 1544 1864 Multa

129 1894 318 1940 demum
337 1893 530 1940 consilia
549 1895 698 1950 fiunt,
719 1893 890 1940 diversi
913 1905 1137 1940 tractatus
1156 1904 1380 1960 aguntur,
1402 1894 1544 1941 verba

130 1971 286 2018 verbis
317 1969 641 2035 objiciuntur3
678 1971 778 2017 Deo
810 1981 965 2017 tamen
999 1973 1219 2018 vincente
1245 1972 1380 2035 legati
1421 1973 1546 2035 pacis

130 2049 374 2112 utrimque
407 2048 742 2112 suscipiuntur.
778 2047 1024 2095 Rodberto
1054 2049 1245 2112 juveni,
1287 2050 1408 2113 regis
1445 2049 1545 2096 filio

132 2143 287 2173 comes
309 2124 658 2190 Andegavensis
685 2125 1076 2172 Cenomannense
1092 2127 1168 2189 jus
1194 2126 1411 2173 concedit
1437 2143 1545 2172 cum

133 2213 237 2250 toto
253 2202 454 2260 honore,
470 2219 613 2267 quem
631 2201 755 2249 idem
766 2220 788 2247 a
803 2203 976 2249 comite
993 2201 1230 2250 Herberto
1244 2221 1350 2249 cum
1370 2205 1548 2268 Marga-

132 2281 223 2327 rita
238 2297 407 2344 sponsa
419 2298 497 2326 sua
512 2280 727 2344 suscepit.
741 2281 955 2345 Denique
968 2279 1239 2328 Rodbertus
1254 2281 1453 2327 Fulconi
1470 2281 1548 2327 de-

134 2357 290 2403 bitum
305 2356 596 2422 homagium,
618 2369 671 2403 ut
685 2358 845 2404 minor
863 2359 1048 2421 majori,
1067 2358 1279 2421 legaliter
1293 2358 1543 2421 impendit.

135 2434 372 2481 Johannes
397 2445 579 2491 autem,
611 2435 783 2499 aliique
809 2435 1164 2499 Andegavenses
1180 2470 1193 2491 ,
1223 2435 1303 2500 qui
1326 2433 1550 2480 hactenus

136 2529 227 2575 pro
249 2528 357 2575 rege
381 2521 547 2557 contra
572 2512 818 2558 consulem
839 2511 1209 2569 rebellaverant,
1234 2512 1438 2574 principi
1465 2530 1549 2558 suo

187 2645 236 2689 (1)
261 2643 488 2685 Guillauine‚
510 2650 628 2677 comte
646 2635 825 2678 d’Evreux
842 2642 902 2687 (15
922 2643 1115 2677 decembre
1138 2642 1289 2690 1067-18
1310 2642 1399 2676 avril
1423 2644 1549 2688 1118);

144 2702 267 2749 Roger
286 2703 330 2737 de
343 2703 648 2749 Montgommeri,
665 2710 782 2738 comte
800 2702 844 2737 de
861 2702 1035 2744 Belleme,
1057 2702 1254 2748 ‹l'Alencon
1274 2710 1309 2736 et
1328 2702 1372 2736 de
1387 2704 1549 2737 Sln·cws·-

145 2761 236 2807 bury
256 2764 425 2809 (1070-‘27
441 2762 560 2808 juillet
585 2765 702 2808 1094).

246 2838 296 2866 ιι.
1306 2839 1355 2883 17
