1951 3194
344 262 398 300 60
712 262 955 299 HISTORIA
989 261 1392 301 ECCLESIASTICA.
1490 267 1761 316 [1050-1056]

346 356 454 384 cum
481 340 614 384 omni
641 339 819 385 familia
851 357 931 385 sua
960 339 1274 388 amicabiliter
1302 341 1504 389 habitus.
1531 344 1646 392 Viso
1680 345 1764 390 ita-

343 432 436 480 que
456 415 667 463 Fulcone
686 415 948 474 monacho,
972 415 1200 464 beneficia
1224 417 1465 466 beneficiis
1486 437 1765 485 recompen-

343 510 444 539 sare
471 492 641 539 voluit.
671 492 761 539 Sed
788 494 898 558 quia
921 496 1019 558 jam
1046 495 1247 560 longum
1280 507 1465 560 tempus
1491 498 1759 555 effluxerat,

345 581 392 618 et
417 570 736 618 Anschetillus
761 590 812 619 ea
834 591 942 638 quae
966 573 1211 638 repetebat
1238 575 1517 639 insipienter
1540 575 1764 640 deposue-

344 659 447 706 rat,
472 651 552 695 vix
575 651 736 714 potuit
755 669 1034 716 recuperare
1057 671 1201 717 pauca
1224 665 1271 701 et
1293 654 1459 701 viliora
1481 672 1539 701 ex
1562 654 1632 700 his
1656 672 1764 719 quae

345 725 393 770 in
420 725 590 789 Apulia
620 740 902 792 susceperat.
935 729 1140 776 Calicem
1164 730 1465 778 solummodo
1488 741 1765 795 argenteum

344 811 392 848 et
433 803 547 850 duas
589 805 762 852 casulas
779 842 791 863 ‚
832 806 1120 871 dentemque
1156 807 1416 872 elephantis
1455 819 1502 854 et
1537 808 1766 873 ungulam

343 880 563 946 gryphis,
587 900 693 929 cum
715 884 816 929 aliis
841 884 1124 950 quibusdam
1148 885 1289 933 rebus
1315 886 1566 933 difficulter
1590 888 1762 951 exegit.

344 960 525 1007 Deinde
557 962 807 1021 monachi,
845 963 1150 1011 consideratis
1181 964 1426 1011 fraudibus
1454 964 1763 1021 Anschetilli,

346 1039 395 1084 in
426 1039 608 1103 judicio
646 1042 693 1086 in
735 1043 862 1088 curia
898 1043 947 1089 S.
982 1043 1167 1089 Ebrulfi
1204 1061 1311 1090 eum
1349 1053 1642 1100 statuerunt3
1683 1043 1765 1089 ubi

345 1116 573 1163 Ricardus
596 1118 653 1165 de
672 1117 895 1166 Abrincis
919 1120 1043 1167 filius
1064 1122 1281 1167 Turstini
1308 1123 1404 1185 (ι),
1429 1122 1602 1186 aliique
1626 1121 1765 1167 multi

343 1211 562 1257 proceres
587 1195 643 1242 ad
671 1197 989 1260 adjuvandum
1016 1217 1125 1245 eum
1150 1199 1366 1245 fuerunt.
1406 1198 1495 1246 Sed
1523 1198 1766 1246 monachis

343 1270 695 1318 rationabiliter
725 1274 1157 1339 conquerentibus,
1185 1277 1316 1338 justo
1335 1274 1517 1338 judicio
1541 1275 1767 1321 determi-

345 1359 510 1395 natum
528 1360 597 1396 est
619 1361 673 1396 ut
690 1368 883 1398 omnem
900 1352 1120 1410 feudum,
1144 1371 1287 1418 quem
1309 1354 1405 1417 ipse
1421 1353 1478 1399 de
1493 1354 1541 1400 S.
1561 1352 1766 1400 Ebrulfo

343 1426 552 1484 tenebat,
576 1430 836 1477 amitteret.
856 1430 1070 1478 Tandem
1090 1430 1394 1477 suadentibus
1413 1432 1572 1477 amicis
1594 1432 1766 1477 utrius-

343 1521 435 1569 que
467 1507 613 1569 partis
644 1508 897 1554 concordia
924 1508 1027 1553 talis
1056 1509 1177 1554 facta
1205 1520 1290 1555 est.
1318 1508 1636 1555 Anschetillus
1663 1527 1767 1555 rea—

345 1592 448 1627 tum
473 1602 610 1630 suum
641 1585 793 1648 palam
824 1586 1063 1632 confessus
1096 1586 1421 1632 vadimonium
1457 1585 1616 1632 abbati
1643 1587 1764 1633 Teo-

343 1658 505 1706 derico
538 1660 691 1718 dedit,
718 1661 964 1709 monachis
1002 1674 1054 1709 ut
1088 1664 1158 1708 sui
1192 1663 1532 1710 misererentur
1569 1662 1767 1708 humili-

346 1747 419 1783 ter
439 1738 747 1802 supplicavit;
770 1751 816 1787 et
834 1758 924 1804 pro
953 1742 1394 1805 recompensatione
1419 1740 1579 1787 damni
1597 1777 1610 1797 ,
1637 1740 1767 1805 quod

346 1813 436 1860 illis
469 1834 553 1878 per
590 1816 823 1881 ignaviam
859 1836 990 1864 suam
1020 1818 1219 1875 fecerat,
1240 1818 1476 1865 Uticensis
1503 1817 1643 1881 burgi
1677 1827 1767 1864 ter-

345 1892 459 1938 tiam
484 1904 692 1957 partem,
720 1914 863 1961 quam
888 1914 945 1943 ex
977 1907 1171 1961 paterna
1201 1897 1476 1944 haereditate
1509 1895 1763 1956 habuerat,

344 1971 389 2018 S.
405 1971 611 2020 Ebrulfo
633 1992 794 2022 coram
813 1975 977 2022 multis
994 1976 1190 2023 testibus
1210 1976 1466 2032 concessit;
1489 1986 1534 2022 et
1553 1973 1768 2021 donatio-

344 2066 456 2094 nem
479 2068 563 2113 per
588 2068 732 2098 unam
758 2053 931 2117 pallam
955 2072 1010 2101 ex
1034 2055 1212 2111 serico,
1241 2053 1367 2101 unde
1391 2071 1535 2117 cappa
1560 2052 1766 2098 cantoris

343 2126 465 2173 facta
490 2140 559 2174 est
575 2165 588 2185 ,
617 2147 760 2193 super
785 2131 929 2178 altare
965 2133 1139 2196 posuit.
1166 2131 1390 2179 Monachi
1425 2131 1570 2195 igitur
1593 2130 1765 2193 pietate

347 2207 465 2252 moti
491 2218 642 2253 errata
674 2226 753 2254 sua
777 2209 1037 2258 clementer
1069 2212 1109 2257 ei
1144 2209 1471 2264 indulserunt,
1503 2217 1549 2254 et
1572 2224 1766 2253 omnem

345 2283 586 2348 reliquum
611 2284 808 2332 feudum
838 2305 1002 2344 suum,
1033 2299 1210 2352 praeter
1236 2286 1326 2334 hoc
1347 2286 1477 2351 quod
1501 2286 1765 2332 amicorum

344 2363 647 2425 persuasione
679 2363 947 2423 obtulerat,
982 2366 1254 2430 benigniter
1287 2365 1624 2428 permiserunt.
1665 2365 1766 2428 lpse

344 2455 445 2484 non
470 2440 626 2486 multo
648 2451 755 2504 post
785 2440 1006 2505 Apuliam
1031 2443 1255 2506 expetiit,
1286 2440 1445 2506 ibique
1471 2442 1650 2487 occisus
1676 2449 1760 2486 est.

411 2516 651 2581 Antiquus
677 2518 823 2565 hostis
849 2537 1112 2584 numquam
1138 2528 1282 2567 cessat
1310 2518 1531 2565 Ecclesiae
1556 2517 1765 2581 quietem

390 2712 438 2755 (ι)
464 2712 642 2755 Richard,
668 2716 821 2750 vicomte
842 2716 1110 2759 d‘Avranchvs,
1137 2716 1190 2750 fils
1209 2715 1254 2749 (lc
1283 2713 1459 2748 'l'oustain
1487 2711 1584 2751 Goz,
1610 2723 1763 2755 goni-er-

347 2783 437 2805 neur
453 2771 632 2808 ‹Plixuu-s.
653 2782 682 2807 e!
704 2777 786 2820 [ul-rc
809 2777 852 2810 (lc
874 2777 1043 2820 Ungues,
1068 2783 1187 2810 comte
1209 2775 1252 2808 ‹lc
1272 2774 1439 2807 (mester.
