1951 3194
411 244 488 283 426
775 243 1015 282 HISTORIA
1046 243 1448 284 ECCLESIASTICA.

412 327 635 388 quatinus
665 324 755 370 hoc
785 323 966 389 absque
999 325 1164 371 timore
1192 327 1282 372 mei
1298 326 1475 387 facere
1503 327 1816 391 praevaleant.

411 404 521 449 Has
554 419 666 466 ergo
690 401 1057 468 qualescumque
1082 403 1365 451 donationes
1376 440 1391 461 ,
1418 420 1540 467 quas
1563 421 1649 468 ego
1673 406 1822 451 omni-

406 479 592 544 potenti
603 478 710 525 Deo
727 479 836 543 (qui
859 479 978 526 mihi
1002 497 1103 527 esse
1117 479 1357 544 contulit),
1387 490 1432 526 et
1457 479 1596 527 beato
1614 480 1770 527 Ebrul
1793 500 1822 528 o

410 556 602 620 egregio
635 554 900 621 corffessori
927 568 1219 622 spontaneus
1250 557 1428 621 offero;
1451 558 1497 604 si
1522 557 1629 622 quis
1659 575 1823 604 vecors

411 644 496 678 aut
526 633 715 680 invidus
739 635 792 681 vi
816 635 896 681 vel
918 635 1046 682 clam
1075 635 1365 700 quandoque
1391 636 1624 693 minuere,
1654 652 1739 681 seu
1766 646 1824 681 te-

412 728 614 771 merare,
639 711 719 758 vel
736 714 926 773 auferre
948 731 1098 760 ausus
1104 713 1292 777 fuerit;
1308 722 1543 778 perpetuo
1567 711 1823 758 muletatus

411 788 738 848 anathemate,
779 791 830 836 in
863 792 1056 854 regione
1082 792 1338 839 viventium
1375 808 1472 838 non
1508 789 1675 837 videat
1701 788 1825 835 bona

410 866 640 925 Domini,
667 868 766 913 nisi
792 867 1080 931 dignissima
1105 866 1437 932 satisfactione
1454 867 1698 933 poenitens
1724 867 1826 931 ipse

411 944 674 1009 resipuerit.
697 945 846 992 {Iano
863 957 1021 992 autem
1036 946 1290 1010 parvitatis
1306 955 1481 992 nostra?
1494 945 1821 1001 donationem,

411 1039 443 1067 a
476 1039 548 1068 me
577 1023 858 1088 simpliciter
886 1034 1114 1087 rogatus,
1146 1022 1342 1068 libenter
1368 1025 1597 1069 concessit
1620 1021 1826 1068 domnus

411 1099 676 1146 Rodbertus
720 1101 1028 1147 Carnotensis
1068 1100 1282 1147 ecclesia?
1321 1102 1604 1165 episcopus,
1647 1101 1696 1143 in
1735 1116 1827 1145 cu-

402 1178 491 1241 jus
516 1189 790 1224 casamento
813 1189 923 1225 sunt
943 1196 1001 1225 ea
1011 1216 1027 1237 ,
1049 1196 1159 1243 quse
1180 1178 1399 1244 superius
1421 1176 1542 1223 data
1563 1193 1828 1223 memoran-

413 1266 503 1300 tur.
549 1254 895 1305 Concesserunt
929 1256 1020 1303 lzoc
1050 1257 1192 1302 etiam
1213 1255 1401 1315 fratres
1436 1255 1532 1300 mei
1563 1272 1575 1300 .·
1610 1254 1829 1319 ejusdem

411 1334 625 1381 ecclesice
646 1335 898 1393 Canonici,
927 1346 971 1381 et
991 1352 1122 1382 uocor
1137 1351 1242 1380 mea
1263 1333 1415 1398 Alpes
1441 1343 1586 1397 atque
1591 1331 1698 1397 filii
1719 1333 1825 1379 mei.

476 1413 720 1461 Uticenses
757 1413 979 1462 monachi
1020 1414 1390 1478 possessionem,
1424 1428 1567 1476 quam
1602 1410 1828 1476 praefatus

414 1488 551 1537 heros
578 1492 642 1538 eis
670 1493 742 1555 (ut
763 1491 946 1538 dictum
969 1492 1058 1555 est)
1084 1490 1303 1547 dederat,
1327 1492 1422 1553 jam
1449 1505 1475 1534 L
1500 1489 1634 1536 annis
1660 1498 1828 1535 tenue-

412 1579 554 1624 runt;
589 1581 636 1616 et
661 1587 947 1616 successores
981 1571 1076 1633 ejus
1105 1567 1484 1615 Bartholomaeus
1508 1575 1829 1631 cognomento

411 1644 626 1703 Boellus,
678 1656 725 1692 et
762 1646 997 1693 Gerardus
1044 1646 1168 1692 filius
1208 1648 1304 1709 ejus
1346 1654 1585 1709 gratanter
1629 1660 1829 1690 conces-

413 1733 593 1768 serunt.
633 1722 813 1770 Ibidem
838 1723 1099 1770 Aimericus
1134 1733 1180 1769 et
1211 1722 1439 1769 Radulfus
1471 1732 1518 1769 et
1549 1722 1689 1786 Hugo
1724 1721 1830 1766 An-

414 1800 586 1864 glicus,
616 1800 992 1866 Guillelmusque
1017 1801 1073 1848 de
1096 1801 1274 1848 Merula
1292 1838 1305 1858 ‚
1342 1800 1514 1866 aliique
1537 1800 1695 1864 plures
1720 1814 1830 1845 mo-

414 1877 570 1934 nachi,
591 1878 809 1925 &cundia
832 1888 879 1926 et
897 1877 1136 1944 probitate
1159 1878 1387 1943 vigenteS,
1416 1876 1678 1925 conversati
1698 1885 1826 1934 sunt,

415 1954 573 2019 eisque
601 1954 867 2021 benignum
896 1955 1218 2020 patrocinium
1245 1955 1557 2001 carnotenses
1581 1953 1786 2018 episcopi
1815 1973 1826 1998 :

416 2033 686 2081 Rodhertus
703 2045 748 2081 et
763 2034 1039 2082 Goisfredus
1059 2044 1106 2081 et
1123 2035 1204 2080 lvo
1223 2044 1269 2079 et
1283 2031 1558 2080 Goisfredus
1574 2031 1593 2094 (
1604 2031 1646 2094 1)
1663 2031 1830 2094 imper-

416 2112 490 2157 titi
508 2123 636 2158 sunt.
656 2112 731 2159 Sic
749 2111 906 2159 studio
920 2113 1285 2169 monachorum,
1301 2111 1572 2175 auxilioque
1586 2108 1830 2156 bonorum

416 2190 602 2235 basilica
640 2190 980 2238 Marchesvillae
1021 2191 1208 2237 condita
1250 2200 1343 2247 θεῖς
1384 2206 1492 2254 quae
1535 2197 1708 2234 sanctae
1744 2186 1829 2234 Dei

416 2268 648 2316 Genitrici
675 2270 864 2329 Mariae,
895 2287 980 2334 per
1005 2287 1148 2335 quam
1177 2268 1343 2315 mundi
1377 2267 1496 2314 salus
1526 2265 1683 2322 venit,
1715 2282 1830 2313 con-

415 2355 589 2392 secrata
615 2357 701 2393 est.

480 2422 658 2469 Eodem
709 2434 921 2488 tempore
970 2422 1227 2470 Landricus
1277 2432 1321 2468 et
1368 2419 1642 2468 Goisfredus
1690 2427 1829 2482 atque

465 2656 513 2697 (ι)
543 2654 697 2695 Robora
729 2653 919 2689 deuxicmc
947 2654 996 2688 du
1025 2665 1109 2688 nom
1138 2651 1401 2700 (1075-1076);
1430 2649 1593 2685 Geoffroi
1619 2649 1662 2682 10‘
1691 2647 1829 2693 (juillet

425 2715 661 2759 1077—1085));
683 2715 758 2748 lvcs
778 2712 1036 2759 (109‹)-1115)·,
1056 2712 1219 2747 Gcoss'roi
1241 2712 1270 2746 ll
1296 2708 1620 2754 (¹116-24janvicr
1645 2708 1755 2753 1149).
