1951 3194
303 249 383 287 116
600 245 845 284 HISTORIA
874 244 1279 285 ECCLESIASTICA.
1573 247 1715 298 [1066]

301 327 440 375 obiit.
474 327 529 373 ln
565 327 825 373 crastinum
860 340 975 372 vero
1010 323 1180 371 Vitalis
1215 326 1598 373 Bernaicensium
1638 328 1713 391 (1)

301 403 443 452 abbas
478 403 535 450 ad
565 400 898 449 tumulandum
932 402 1138 447 amicum
1167 419 1307 447 suum
1338 404 1554 462 accessit,
1585 415 1632 451 et
1662 405 1715 450 in

301 484 506 530 claustro
536 479 794 528 coenobiali
815 481 950 543 juxta
975 480 1218 527 ecclesiam
1246 480 1294 526 S.
1323 482 1450 528 Petri
1476 482 1715 546 apostolo-

298 578 408 607 rum
448 557 676 623 principis
716 556 959 621 sepelivit3
1012 556 1140 604 unde
1178 557 1437 604 Mainerius
1477 575 1717 606 successor

298 641 394 702 ejus
422 639 577 701 ipsum
595 645 704 700 post
725 653 875 683 annos
894 652 924 681 x
943 644 989 682 et
1008 652 1077 682 vn
1104 652 1214 681 cum
1237 634 1420 682 ossibus
1436 636 1714 682 Witmundi

298 716 412 765 socii
448 715 518 762 sui
549 716 599 761 in
628 713 889 778 capitulum
919 730 1100 760 novum
1129 713 1390 759 transtulit.

362 794 451 841 XI.
492 794 637 840 Anno
670 790 729 837 ab
756 791 1087 838 incarnatione
1113 791 1307 838 Domini
1338 801 1524 849 MLxV1⁰‚
1560 790 1718 838 indic-

296 874 430 920 tione
446 879 512 919 lva
530 888 691 917 mense
708 869 845 934 aprili
863 868 963 917 fere
981 886 1044 916 xv
1057 868 1223 916 diebus
1238 887 1262 915 a
1277 878 1410 933 parte
1427 869 1570 915 Circii
1586 887 1722 933 appa-

295 952 397 998 ruit
413 950 543 997 stella
565 967 672 1014 quae
693 957 898 995 cometes
920 947 1097 994 dicitur
1116 948 1205 1012 (2),
1226 965 1338 1012 qua,
1363 958 1416 993 ut
1434 947 1723 1012 perspicaces

295 1028 547 1092 astrologi,
576 1026 658 1091 qui
688 1036 864 1073 secreta
890 1025 1100 1090 physicae
1129 1024 1372 1073 subtiliter
1398 1026 1557 1071 rimati
1582 1036 1718 1081 sunt,

297 1116 579 1162 asseverant,
603 1104 806 1151 mutatio
826 1104 961 1168 regni
984 1102 1273 1168 designatur.
1297 1104 1337 1149 E
1359 1103 1380 1145 Ι·
1404 1102 1542 1149 ardus
1561 1103 1718 1159 enim,

295 1202 379 1231 rex
398 1183 688 1247 Anglorum‚
710 1179 931 1227 Edelredi
956 1180 1077 1244 regis
1097 1197 1153 1226 ex
1171 1180 1340 1226 Emma
1361 1179 1548 1226 Ricardi
1570 1180 1721 1227 senio-

296 1263 362 1307 ris
392 1261 789 1307 Normannorum
812 1257 944 1303 ducis
972 1256 1068 1303 filia
1102 1256 1227 1303 filius
1243 1295 1254 1316 ‚
1278 1256 1420 1322 paulo
1443 1268 1552 1304 ante
1580 1256 1720 1304 obie-

296 1351 372 1385 rat
391 1339 461 1402 (3)
476 1348 522 1384 et
540 1336 768 1384 Heraldus
789 1334 999 1383 Goduini
1026 1335 1213 1382 comitis
1236 1333 1360 1381 filius
1388 1352 1592 1399 regnum
1619 1334 1723 1381 An-

296 1417 489 1482 glorum
512 1424 820 1478 usurpaverat
848 1414 922 1477 (4)
939 1449 953 1472 ,
977 1415 1170 1478 jamque
1203 1411 1357 1459 tribus
1390 1412 1633 1460 mensibus
1666 1411 1723 1460 ad

296 1495 563 1542 multorum
588 1492 934 1539 detrimentum
952 1491 1164 1555 perjurio
1195 1501 1240 1537 et
1265 1490 1568 1548 crudelitate,
1590 1491 1724 1538 aliis-

297 1589 392 1637 que
411 1569 638 1634 nequitiis
661 1569 874 1632 pollutus
899 1579 1131 1615 tenuerat.
1156 1569 1332 1631 Injusta
1352 1586 1524 1632 nempe
1543 1569 1724 1617 invasio

298 1649 498 1695 nimiam
516 1647 642 1693 inter
660 1645 885 1712 quasdam
901 1656 1062 1710 gentes
1081 1644 1421 1692 dissentionem
1442 1647 1721 1704 commovit,

299 1727 563 1790 multisque
582 1723 813 1769 matribus
839 1723 1051 1771 filiorum
1070 1732 1116 1770 et
1140 1722 1421 1786 conjugibus
1439 1724 1726 1771 maritorum

299 1821 467 1852 necem
487 1813 533 1849 et
558 1802 743 1847 luctum
763 1802 967 1866 peperit.
990 1799 1240 1847 Eduardus
1267 1801 1500 1847 nimirum
1523 1802 1723 1866 propin-

301 1899 400 1947 quo
420 1898 505 1927 suo
522 1878 783 1926 Willermo
797 1879 905 1925 duci
922 1878 1315 1926 Normannorum
1333 1879 1490 1943 primo
1504 1897 1589 1943 per
1603 1879 1723 1927 Rod-

300 1958 496 2006 bertum
512 1957 883 2002 Cantuariorum
898 1973 1140 2002 summum
1156 1955 1436 2019 pontificem
1451 1957 1541 2021 (5),
1560 1967 1720 2021 postea

348 2164 399 2209 (1)
425 2161 558 2198 vitalis
572 2189 581 2204 ‚
604 2161 764 2207 premier
783 2160 874 2195 abbe
893 2160 937 2194 de
958 2161 1100 2195 Bernai.

351 2222 400 2269 (2)
428 2222 533 2257 Cette
554 2218 695 2255 celebre
721 2220 862 2254 comete
890 2220 946 2254 fut
974 2220 1143 2255 observee
1171 2231 1245 2254 non
1272 2219 1473 2254 seulement
1500 2218 1589 2252 dans
1617 2225 1721 2253 toute

302 2283 494 2328 l’Europe,
528 2281 618 2314 mais
648 2291 781 2314 encore
812 2281 831 2313 ἐι
860 2279 894 2314 la
925 2279 1046 2314 Chine
1058 2308 1067 2323 ‚
1100 2280 1149 2313 ou
1179 2278 1248 2312 elle
1276 2285 1372 2313 resta
1402 2277 1529 2312 visible
1559 2276 1722 2324 pendant

304 2343 568 2386 soixante-sept
581 2339 698 2385 jours.
718 2339 748 2373 ll
765 2338 882 2385 parait
899 2351 970 2385 que
988 2350 1028 2372 ce
1046 2338 1102 2372 fut
1118 2337 1152 2372 le
1172 2340 1217 2379 24
1233 2337 1321 2371 avril
1337 2349 1382 2371 au
1400 2337 1473 2371 soix-
1491 2336 1603 2383 qu'on
1619 2335 1653 2371 la
1670 2337 1721 2370 vit

304 2415 399 2449 pour
412 2401 445 2435 la
460 2399 641 2447 premiere
660 2398 728 2433 sois
747 2398 780 2432 le
800 2398 873 2432 soii·
892 2397 980 2432 dans
999 2397 1170 2443 l⁷Europe
1189 2396 1425 2432 occidentale.
1449 2396 1511 2432 On
1529 2408 1574 2430 en
1593 2403 1720 2431 trouve

305 2473 377 2495 une
396 2460 512 2506 figure
532 2458 709 2505 grossicre
728 2469 790 2490 sui·
808 2457 839 2491 la
855 2456 1044 2503 tapisserie
1063 2455 1108 2489 de
1126 2456 1281 2502 Bayeux.

353 2518 402 2565 (5)
431 2519 478 2552 Le
494 2516 515 2552 5
529 2517 670 2563 janvier
692 2515 791 2551 1066.

354 2580 403 2624 (4)
432 2579 478 2611 Le
499 2577 706 2612 lendemain
728 2575 750 2610 6
764 2575 917 2621 janvier.

353 2637 402 2684 (5)
430 2637 572 2671 Robort
589 2637 802 2683 Champart,
825 2634 976 2670 d'abord
997 2633 1089 2668 abbe
1106 2633 1150 2667 de
1167 2633 1353 2680 Jumieges
1367 2643 1413 2666 en
1431 2628 1529 2678 1037,
1547 2629 1628 2675 puis
1642 2641 1721 2663 suc-

307 2697 541 2730 cessivement
561 2695 696 2742 cveque
714 2695 759 2730 de
778 2694 941 2729 Londres
960 2706 1005 2728 en
1026 2695 1134 2736 1044,
1150 2699 1188 2727 et
1204 2690 1430 2737 archevequc
1445 2688 1489 2723 de
1503 2688 1721 2723 Cantorberi

308 2769 351 2788 vn
379 2754 482 2791 ιυ5ω·,
504 2755 627 2788 chassi·
646 2755 690 2788 de
710 2767 771 2788 son
802 2756 898 2801 siege
916 2766 960 2788 en
985 2751 1069 2788 1052
1095 2765 1160 2799 par
1183 2752 1217 2787 le
1235 2757 1353 2787 comte
1379 2746 1562 2793 Godwin,
1583 2747 1608 2783 il
1632 2746 1671 2783 slt
1688 2746 1722 2782 le
