1951 3194
298 279 371 313 100
664 275 901 313 HISTORIA
933 273 1333 313 ECCLESIASTICA.
1564 278 1704 328 [1063]

293 354 519 401 Calabriae
564 353 801 418 partibus,
837 364 889 398 ut
931 371 1070 416 supra
1109 353 1338 411 diximus,
1378 355 1401 399 a
1443 355 1705 402 Guiscardo

289 433 484 496 aliisque
507 431 796 478 Normannis
823 430 994 476 alienas
1025 429 1210 476 divitias
1245 431 1580 494 usurpantibus
1611 433 1702 480 ho-

293 510 573 556 norabiliter
605 520 848 565 retentus,
884 509 1101 572 mitigato
1130 508 1294 555 furore
1314 547 1326 568 ,
1360 527 1502 573 quem
1534 521 1699 557 contra

287 587 552 634 Osbernum
579 588 709 651 prius
741 586 992 644 habuerat,
1023 605 1154 633 nunc
1186 588 1309 651 apud
1337 606 1505 652 papam
1531 607 1620 652 pro
1645 607 1703 637 eo

290 666 520 730 benignus
564 667 846 714 intercessor
888 676 1067 721 exstat,
1105 683 1248 730 quem
1292 677 1426 713 antea
1462 665 1702 714 subtiliter

285 744 547 791 accusando
592 744 847 791 crudeliter
886 744 1261 808 impugnaverat.
1306 744 1550 808 Completa
1586 763 1700 793 vero

286 823 517 886 legatione
535 822 818 868 Willermus
839 822 1089 887 presbyter
1109 822 1165 868 ad
1185 839 1262 869 eos
1275 859 1286 878 ,
1310 821 1335 868 a
1355 822 1528 886 quibus
1547 823 1698 870 direc-

285 913 358 946 tus
394 901 574 957 suerat,
603 917 828 964 prospere
856 901 1107 955 remeavit,
1134 911 1179 947 et
1212 901 1371 947 relatis
1400 919 1507 965 quae
1532 903 1699 948 Romae

283 978 460 1025 viderat
488 978 561 1025 vel
585 977 820 1032 audierat,
849 977 1091 1024 Uticenses
1116 977 1390 1024 laetificavit.

347 1055 569 1102 Securior
609 1055 767 1118 itaque
803 1054 1044 1101 Osbernus
1080 1072 1243 1101 curam
1282 1055 1515 1112 ecclesiae,
1554 1072 1696 1120 quam

280 1145 569 1197 susceperat,
607 1134 735 1179 intus
773 1145 820 1180 et
855 1134 1059 1179 exterius
1097 1132 1395 1178 laudabiliter
1429 1132 1692 1179 exercebat.

279 1211 558 1276 Neophytos
583 1211 638 1257 ad
667 1211 1028 1259 conversionem
1059 1228 1157 1257 non
1185 1211 1275 1257 nisi
1309 1222 1515 1275 quatuor
1539 1229 1696 1258 susce-

276 1299 435 1351 perat,
465 1300 662 1352 propter
686 1288 916 1352 procellas
943 1288 1332 1352 persecutionum
1357 1304 1471 1352 quas
1499 1305 1694 1352 perpes-

275 1385 350 1412 sus
373 1366 553 1423 fueram
582 1366 660 1414 sed
687 1367 817 1426 illos,
845 1384 965 1432 quos
989 1385 1012 1412 a
1037 1364 1461 1431 praedecessoribus
1484 1366 1576 1412 suis
1596 1384 1695 1412 sus-

275 1457 437 1509 ceptos
487 1446 761 1502 invenerat,
813 1445 1066 1509 diligenter
1111 1454 1158 1491 et
1197 1444 1381 1490 utiliter
1423 1444 1472 1490 in
1522 1445 1694 1490 sanctis

273 1521 455 1568 artibus
486 1521 729 1569 educabat.
768 1523 856 1568 Hic
889 1523 1141 1569 constituit
1173 1521 1389 1586 generale
1422 1522 1694 1569 anniversa-

272 1601 398 1645 rium
428 1600 529 1647 fieri
559 1600 753 1664 singulis
781 1601 917 1646 annis
943 1610 1011 1646 v1⁰
1045 1600 1136 1645 kal.
1165 1599 1268 1661 julii
1292 1617 1381 1663 pro
1407 1598 1620 1664 patribus
1646 1610 1692 1646 et

275 1675 530 1732 matribus,
558 1694 647 1740 pro
677 1676 906 1722 fratribus
937 1686 982 1723 et
1011 1675 1257 1723 sororibus
1283 1676 1501 1722 omnium
1524 1693 1692 1723 mona-

272 1753 472 1800 chorum
494 1754 729 1801 Uticensis
758 1753 990 1800 coenobii.
1026 1756 1078 1799 In
1103 1753 1266 1801 rotulo
1290 1753 1483 1818 quidem
1508 1754 1691 1818 longis-

271 1832 391 1876 simo
422 1832 641 1878 omnium
675 1831 909 1887 fratrum,
949 1832 1063 1877 dum
1090 1841 1290 1878 vocante
1330 1831 1430 1878 Deo
1464 1832 1522 1877 ad
1555 1830 1690 1877 ordi-

274 1926 380 1955 nem
404 1909 602 1955 veniunt
619 1945 630 1964 ,
664 1910 860 1956 nomina
886 1908 1194 1964 scribuntur3
1223 1908 1392 1955 deinde
1425 1920 1615 1972 patrum
1641 1920 1688 1956 et

270 1995 477 2030 matrum
522 2003 718 2040 eorum,
760 1985 1060 2050 fratrumque
1098 2003 1150 2031 ac
1197 2002 1418 2031 sororum
1456 1985 1685 2032 vocabula

271 2061 656 2108 subscribuntur.
695 2063 785 2122 Qui
838 2063 1023 2109 rotulus
1065 2081 1207 2126 penes
1247 2081 1375 2108 aram
1415 2073 1518 2109 toto
1559 2081 1687 2109 anno

271 2151 500 2194 servatur,
541 2150 587 2186 et
626 2140 781 2187 sedula
823 2141 1217 2187 commemoratio
1257 2141 1596 2203 inscriptorum
1636 2141 1685 2185 in

271 2228 528 2281 conspectu
555 2218 746 2265 Domini
773 2219 944 2282 agitur,
971 2218 1085 2263 dum
1110 2219 1148 2264 ei
1176 2237 1198 2263 a
1225 2216 1463 2263 sacerdote
1488 2217 1536 2262 in
1562 2217 1686 2263 cele-

269 2295 490 2341 'hratione
513 2295 667 2341 missae
690 2295 866 2340 dicitur
888 2314 895 2340 :
919 2297 1126 2340 Animas
1140 2293 1687 2358 jhzrnulorumfamula—

271 2390 468 2437 rumque
487 2383 699 2429 tuarum,
723 2390 922 2436 quorum,
942 2373 1140 2417 nomina
1161 2382 1271 2417 ante
1291 2383 1510 2417 sanctum
1533 2371 1686 2418 altare

270 2462 400 2494 cuum
423 2452 603 2514 scripta
624 2449 793 2495 adesse
818 2449 1052 2506 videntur,
1083 2448 1334 2494 electorum
1358 2460 1545 2495 tuorum
1559 2450 1684 2513 jun·-

266 2542 373 2583 ⁸gere
404 2527 618 2589 degneris
644 2527 900 2572 consortio.
935 2526 1326 2572 Anniversarium
1358 2542 1470 2571 vero
1499 2525 1555 2571 de
1586 2542 1683 2588 quo

270 2602 530 2665 loquimur,
561 2612 627 2651 νιο
656 2602 749 2650 kal.
777 2604 883 2666 julii
915 2604 979 2649 sic
1012 2604 1183 2667 agitur.
1213 2604 1381 2649 Omnia
1418 2604 1545 2666 signa
1579 2603 1684 2647 sero

272 2688 317 2723 ct
337 2696 472 2725 mane
493 2682 549 2725 ad
569 2682 775 2728 officium
796 2681 1134 2729 defunctorum
1154 2681 1233 2727 diu
1253 2681 1522 2745 pulsantum
1550 2679 1683 2725 volu-

275 2773 380 2801 men
418 2768 717 2804 mortuorum
752 2776 892 2822 super
924 2759 1067 2805 altare
1097 2758 1375 2804 dissolutum
1413 2756 1564 2818 palam
1598 2774 1683 2802 ex—
