1951 3194
376 285 451 322 180
739 280 981 320 HISTORIA
1011 279 1414 318 ECCLESIASTICA.
1649 282 1787 331 [1068]

374 373 446 408 tra
467 363 532 408 sic
551 362 615 408 eis
632 360 926 407 remandavit
945 375 1052 415 rex,
1072 357 1231 404 dicens
1255 378 1264 403 ε
1289 358 1406 406 Non
1423 370 1490 404 est
1510 358 1627 405 milti
1643 360 1788 405 moris

374 439 445 485 acl
475 439 602 484 hanc
632 437 955 484 conditionem
989 435 1163 482 habere
1186 435 1443 500 subjectos.
1471 436 1650 483 Deinde
1681 453 1790 481 cum

374 515 584 563 exercitu
613 513 671 560 ad
699 512 816 559 fines
847 529 1016 560 eorum
1040 513 1256 569 accessit,
1286 523 1333 559 et
1360 511 1518 576 primo
1548 512 1597 559 in
1628 530 1679 560 ea
1708 531 1792 560 ex·-

374 593 615 658 peditione
638 591 818 656 Anglos
848 590 1026 638 eduxit.
1054 591 1257 655 Maj0res
1284 607 1397 638 mox
1423 601 1477 636 ut
1501 607 1660 655 regem
1684 608 1793 637 cum

373 670 585 718 exercitu
598 669 982 734 appropinquare
997 678 1309 734 cognoscunt,
1324 667 1515 715 obviam
1526 668 1792 715 advenienti

373 748 670 814 procedunt,
694 765 857 812 pacem
881 758 1086 811 poscunt
1101 783 1114 804 ,
1152 757 1313 811 portas
1343 747 1383 793 ei
1412 757 1575 810 patere
1597 745 1793 804 dicunt,

377 828 604 891 imperata
629 824 858 890 quaelibet
887 843 933 871 se
957 824 1166 873 facturos
1194 824 1515 889 promittunt,
1543 835 1590 871 et
1614 822 1798 871 obsides

381 905 510 952 illico
534 914 737 969 quantos
761 920 844 950 rex
862 901 1027 966 jubet,
1056 903 1313 949 adducunt.
1342 903 1532 950 Reversi
1553 902 1610 948 ad
1634 903 1800 950 conci-

379 1000 482 1039 ves,
508 982 591 1046 qui
617 980 846 1044 supplicia
871 996 960 1043 pro
986 989 1118 1026 reatu
1143 979 1285 1025 nimis
1309 978 1614 1036 metuebant,
1649 978 1799 1025 nihil—

379 1061 570 1107 ominus
594 1057 930 1105 machinantur
954 1056 1139 1104 hostilia
1165 1075 1272 1122 quae
1304 1067 1577 1121 coeperant,
1612 1056 1801 1102 multis-

379 1154 472 1202 que
496 1153 586 1201 pro
606 1135 753 1181 causis
773 1134 831 1180 ad
848 1133 1223 1198 oppugnandum
1241 1151 1337 1180 sese
1361 1132 1639 1180 incitabant.
1662 1132 1801 1192 Quod

381 1215 576 1262 audiens
601 1231 714 1270 rex,
742 1213 823 1277 qui
857 1212 913 1258 ad
945 1223 1152 1277 quatuor
1176 1211 1395 1257 milliaria
1427 1210 1712 1258 consistebat
1743 1210 1803 1257 ab

384 1291 529 1349 urbe,
559 1292 625 1337 ira
650 1290 858 1354 repletus
882 1299 951 1336 est
975 1299 1022 1336 et
1046 1288 1377 1337 admiratione.

449 1370 690 1435 Imprimis
715 1370 873 1434 itaque
894 1385 979 1415 rex
999 1385 1108 1415 cum
1127 1368 1402 1433 quingentis
1426 1366 1667 1432 equitibus
1691 1384 1806 1432 pro-

385 1465 497 1512 pere
528 1446 763 1511 perrexit,
800 1456 856 1492 ut
889 1445 1050 1492 locum
1083 1455 1129 1492 et
1161 1446 1337 1491 moenia
1369 1445 1575 1501 videret,
1609 1455 1655 1492 et
1690 1445 1805 1509 quid

388 1526 546 1573 hostes
572 1534 764 1589 agerent
782 1522 1176 1587 deprehenderet.
1194 1524 1352 1570 Portae
1376 1523 1623 1570 offirmatae
1649 1532 1803 1579 erant,

386 1604 639 1668 densaeque
664 1602 819 1649 turbae
846 1603 893 1647 in
918 1601 1288 1666 propugnaculis
1318 1612 1365 1647 et
1397 1619 1481 1665 per
1503 1610 1659 1647 totum
1680 1601 1805 1646 muri

389 1681 624 1729 ambitum
639 1678 937 1744 prostabant.
959 1679 1175 1743 Denique
1194 1679 1326 1743 regio
1343 1680 1476 1741 jussu
1496 1679 1728 1725 exercitus
1751 1678 1808 1723 ad

390 1758 559 1806 urbem
583 1759 801 1806 admotus
827 1766 924 1814 est,
952 1767 998 1802 et
1024 1774 1144 1802 unus
1169 1774 1224 1803 ex
1250 1755 1494 1803 obsidibus
1517 1774 1668 1820 prope
1690 1773 1810 1822 por—

392 1848 487 1883 tam
528 1835 677 1883 oculis
718 1834 929 1898 privatus
969 1844 1054 1881 est.
1099 1834 1363 1880 Pertinacia
1405 1834 1606 1879 furentis
1645 1833 1810 1897 populi

394 1915 528 1963 nullo
558 1915 757 1969 timore,
788 1930 876 1960 nec
905 1912 1000 1958 ulla
1029 1912 1327 1977 reliquorum
1354 1909 1575 1958 obsidum
1604 1911 1813 1958 flectitur

394 1992 694 2040 miseratione
708 2009 721 2046 ;
748 1990 826 2037 sed
850 1990 1036 2037 acuitur
1060 1989 1116 2036 ad
1138 1988 1480 2036 defensandum
1505 2006 1579 2048 se,
1610 2005 1813 2053 suosque

395 2074 512 2119 lares
553 2080 651 2117 tota
694 2067 1034 2115 obstinatione.
1077 2069 1173 2115 Rex
1212 2079 1370 2115 autem
1409 2067 1603 2115 fortiter
1643 2067 1812 2114 urbem

396 2147 645 2196 obsidione
672 2144 942 2199 concludit,
972 2144 1167 2190 militari
1199 2145 1386 2191 feritate
1413 2143 1614 2200 invadit,
1649 2153 1696 2189 et
1729 2159 1812 2206 per

396 2226 628 2292 plurimos
651 2223 746 2269 dies
773 2221 949 2268 obnixe
975 2222 1141 2286 satagit
1166 2222 1286 2268 cives
1309 2221 1509 2285 desuper
1536 2220 1814 2284 impugnare

399 2313 446 2350 et
483 2301 647 2348 subtus
683 2314 876 2344 murum
909 2297 1159 2344 suffodere.
1196 2298 1287 2361 (1).
1312 2296 1525 2343 Tandem
1552 2296 1815 2360 municipes

399 2380 581 2446 ingenti
615 2378 824 2426 hostium
862 2377 1082 2421 instantia
1119 2375 1234 2421 utile
1270 2374 1522 2422 consilium
1559 2374 1707 2422 coacti
1744 2390 1817 2419 ca-

401 2461 541 2524 piunt
557 2493 568 2514 ,
594 2457 650 2503 ad
673 2454 1051 2519 deprecationem
1072 2453 1385 2509 descendunt,
1409 2462 1455 2499 et
1475 2452 1815 2500 formosissima

396 2540 621 2601 juventus
638 2571 650 2591 ,
680 2536 977 2597 maj0resque
1003 2542 1117 2578 natu
1144 2549 1251 2577 cum
1277 2532 1404 2578 clero
1427 2540 1635 2596 gestante
1661 2545 1815 2576 sacros

403 2614 551 2660 libros
575 2622 618 2659 et
644 2609 909 2674 hujusmodi
936 2619 1187 2665 ornatum,
1221 2609 1276 2654 ad
1302 2626 1458 2673 regem
1483 2616 1671 2654 exeunt.
1698 2607 1816 2651 Pro-

454 2794 460 2833 ’ζ
475 2794 501 2831 ι)
530 2791 574 2823 Le
593 2790 688 2833 <is-ge
706 2789 795 2823 dura
816 2788 1108 2833 ‹lix-liuitjs›11v5.
