1951 3194
385 258 462 297 466
751 253 994 292 HISTORIA
1026 253 1427 290 ECCLESIASTICA.

380 338 649 384 Amalricus
674 333 931 380 Guaszonis
960 331 1086 378 filius
1112 331 1390 378 interfectus
1418 341 1503 378 est.
1525 333 1664 378 Tunc
1692 350 1794 379 mo-

379 413 515 461 nachi
540 410 790 476 lugubrem
816 427 904 474 pro
928 419 1084 456 morte
1110 408 1194 455 filii
1222 408 1516 456 Guaszonem
1543 408 1791 466 adierunt,

380 506 599 553 eumque,
624 497 679 533 ut
701 485 948 542 damnum,
975 485 1105 549 quod
1130 486 1193 532 eis
1220 485 1469 541 intulerat,
1498 485 1791 541 emendaret,

379 575 685 631 rogaverunt.
709 563 792 610 Ille
815 580 928 610 vero
948 574 1105 610 morte
1125 563 1209 609 filii
1230 564 1296 608 sui
1327 573 1664 626 compunctuS,
1690 581 1798 626 sup-

378 643 565 707 pliciter
590 642 654 688 eis
679 640 952 705 respondit,
983 651 1029 687 et
1061 640 1237 686 malum
1267 639 1396 705 quod
1423 640 1724 686 commiserat
1752 657 1798 685 se

379 720 742 768 emendaturum
782 718 1020 782 promisit.
1059 717 1317 764 Praefatum
1360 717 1517 781 itaque
1557 716 1797 762 mandavit

380 797 661 845 Goislenum
690 807 736 843 et
764 795 1055 841 Amalricum
1079 794 1135 841 de
1163 794 1514 858 Belveder(1),
1546 794 1620 839 cui
1647 811 1800 857 nuper

380 878 535 940 ipsum
570 875 766 922 feudum
803 873 1097 929 reddiderat,
1136 886 1179 920 et
1209 872 1266 919 de
1300 890 1396 937 quo
1428 882 1543 918 tunc
1572 872 1800 936 temporis

380 954 631 1002 Goislenus
662 952 779 999 illud
812 951 1018 999 tenebat.
1055 951 1127 996 Illi
1160 968 1271 1015 ergo
1304 950 1427 1014 apud
1463 950 1689 997 Fraxinos
1723 951 1796 1014 (2)

380 1040 737 1086 convenerunt,
781 1040 828 1075 et
865 1029 923 1076 de
965 1029 1263 1075 correctione
1300 1028 1525 1074 facinoris
1568 1038 1803 1075 tractave-

382 1120 513 1156 runt.
560 1109 806 1154 Guaszone
846 1124 954 1152 cum
992 1104 1237 1152 monachis
1278 1116 1499 1169 rogante,
1541 1104 1804 1151 Amalricus

382 1187 613 1234 concessit
646 1186 829 1233 donum
862 1184 993 1248 quod
1026 1183 1168 1230 Tesza
1204 1183 1409 1239 fecerat,
1454 1193 1500 1229 et
1535 1181 1717 1229 Guaszo
1751 1200 1803 1228 ac

383 1265 633 1313 Goislenus
670 1273 1015 1311 concesserant.
1060 1262 1262 1308 Assensu
1298 1262 1456 1325 itaque
1488 1272 1536 1307 et
1569 1278 1802 1308 consensu

383 1343 598 1390 omnium
644 1342 797 1398 facto,
842 1339 1058 1405 praedicti
1104 1339 1284 1386 domini
1322 1359 1331 1384 ε
1368 1339 1551 1385 Guaszo
1590 1339 1798 1394 scilicet,

384 1421 648 1468 Amalricus
678 1430 722 1467 et
751 1418 1005 1467 Goislenus
1032 1415 1291 1464 monachos
1316 1416 1471 1480 palam
1496 1416 1802 1473 saisiverunt;

386 1510 432 1544 et
462 1497 552 1545 hoc
581 1496 857 1544 Grimoldus
886 1495 942 1542 de
970 1494 1168 1550 Manlia,
1197 1504 1243 1540 et
1267 1493 1498 1559 Rogerius
1527 1493 1652 1539 filius
1678 1495 1802 1557 ejus,

385 1575 559 1639 aliique
585 1573 723 1620 multi
753 1573 978 1619 viderunt
1003 1582 1049 1618 et
1077 1570 1348 1617 audierunt.
1382 1570 1571 1616 Statuto
1599 1570 1805 1634 denique

387 1652 461 1699 die
488 1651 751 1697 Amalricus
780 1649 905 1713 apud
937 1649 1161 1694 Manliam
1189 1649 1344 1706 venit,
1373 1648 1650 1713 donumque
1676 1648 1806 1712 quod

389 1728 513 1793 apud
556 1728 785 1774 Fraxinos
830 1725 1075 1772 monachis
1114 1736 1436 1780 concesserat,
1483 1743 1624 1789 super
1662 1727 1806 1772 altare

391 1816 563 1852 sanctae
603 1805 766 1851 Mariae
808 1804 995 1868 posuit,
1041 1813 1088 1850 et
1129 1821 1185 1850 ex
1229 1805 1420 1849 caritate
1459 1802 1807 1850 monachorum

392 1901 455 1930 xx
489 1883 663 1931 solidos
691 1881 1069 1929 Medantensium
1100 1881 1292 1945 recepit.

463 1962 539 2007 Sic
570 1960 893 2007 studiosorum
931 1959 1270 2024 procuratione
1303 1957 1646 2006 monachorum
1677 1959 1809 2005 Man-

394 2039 552 2086 liensis
576 2038 700 2085 Cella
726 2039 955 2095 surrexit,
979 2048 1027 2084 et
1050 2035 1275 2101 largifluis
1299 2035 1671 2083 exhibitionibus
1697 2054 1810 2083 con-

394 2116 647 2163 fluentium
686 2116 742 2161 acl
779 2115 964 2162 laudem
998 2115 1080 2162 Dei
1123 2125 1451 2178 competenter
1490 2115 1655 2161 crevit.
1694 2116 1812 2161 Erat

396 2195 525 2241 enim
550 2193 673 2240 idem
696 2194 823 2239 vicus
847 2193 995 2239 vineis
1020 2203 1066 2239 et
1096 2191 1319 2239 uberibus
1343 2193 1465 2256 agris
1487 2193 1667 2256 optime
1692 2210 1812 2240 con-

398 2273 537 2329 situs,
561 2271 746 2318 Maldra
772 2272 843 2335 (3)
869 2288 1063 2335 quoque
1085 2270 1232 2317 fluvio
1253 2288 1337 2334 per
1360 2269 1569 2316 medium
1592 2282 1813 2318 currente

399 2349 632 2412 irriguUS,
668 2346 998 2411 nobiliumque
1028 2348 1160 2410 copia
1196 2347 1405 2393 militum
1436 2346 1628 2393 fortiter
1661 2347 1814 2392 muni-

402 2438 492 2472 tus,
521 2426 579 2472 Hi
607 2426 836 2472 nimirum
861 2425 1065 2472 ecclesiae
1098 2425 1146 2470 in
1171 2424 1265 2470 vita
1290 2441 1369 2470 sua
1391 2422 1596 2470 libenter
1620 2423 1733 2470 dant
1754 2424 1811 2471 de

446 2642 496 2684 (ι)
521 2640 713 2674 Pcut-etre
734 2640 922 2681 Beauvais‚
942 2652 987 2674 au
1009 2639 1097 2674 midi
1119 2640 1163 2673 de
1183 2637 1623 2673 Saint-l}emi-PHonore.

448 2699 498 2743 (2)
523 2700 696 2741 Fresnes,
715 2699 950 2744 aujourd'hui
969 2699 1184 2746 Ecquevssfi,
1206 2711 1249 2733 au
1267 2698 1310 2731 N.
1332 2698 1369 2731 E.
1388 2697 1432 2732 (lc
1450 2696 1581 2731 Maule.

451 2756 501 2802 (fi)
529 2758 573 2792 La
594 2758 771 2793 Mauldrc.
