1951 3194
378 285 456 326 438
743 283 985 323 HISTORIA
1015 282 1418 320 ECCLESIASTICA.

379 382 572 430 masque
602 363 901 409 adversitates
924 360 1139 425 pertulit.
1173 361 1227 406 In
1251 369 1492 407 senectute
1519 361 1622 424 plus
1650 379 1793 426 quam

380 459 449 490 vn
473 441 608 487 annis
629 438 796 485 calculi
819 438 1035 486 molestia
1068 437 1276 501 languit,
1314 437 1596 503 diutinoque
1623 437 1794 486 morbo

382 534 591 583 gemenS,
619 516 742 562 lecto
766 532 867 562 non
890 513 1137 573 decubuit,
1164 514 1242 560 sed
1264 513 1479 579 quotidie
1501 513 1558 560 ad
1581 513 1796 560 divinum

381 613 499 659 opus
523 610 717 658 surgens
732 629 746 650 ,
770 595 869 641 Deo
891 591 1062 657 gratias
1086 591 1206 655 egit,
1233 601 1280 637 et
1307 590 1454 646 bene,
1483 601 1536 637 ut
1558 608 1685 647 reor,
1716 609 1793 655 pa-

381 684 532 730 ratus,
571 682 706 719 tetrae
734 672 890 719 noctis
911 672 959 717 in
987 670 1127 717 initio
1152 669 1366 716 decessit.
1400 669 1464 714 Et
1489 670 1598 734 quia
1622 669 1798 716 multos

381 753 478 815 ipse
506 768 665 797 versus
691 748 861 806 edidit,
887 749 1056 797 Vitalis
1081 748 1367 813 Angligena,
1393 747 1650 812 discipulus
1676 748 1798 813 ejus,

382 848 521 895 super
554 829 637 876 illo
667 827 975 884 versificavit,
1010 837 1057 874 et
1089 828 1214 874 inter
1239 827 1468 892 lacrymas
1502 827 1550 873 in
1576 826 1652 874 die
1682 826 1800 874 dor-

382 907 597 954 mitionis
619 908 734 970 ejus,
763 904 1080 952 tumulatione
1094 914 1298 967 peracta,
1316 921 1508 951 carmen
1529 902 1797 968 hujusmodi

387 985 657 1050 composuit
679 1005 688 1030 ε

572 1127 829 1166 Hebdomadas
844 1126 934 1161 dum
952 1133 1026 1160 tres
1046 1126 1262 1172 complesset
1280 1126 1454 1169 Martius,
1475 1134 1552 1162 atra

573 1189 706 1227 Ventis
725 1195 762 1223 et
779 1187 910 1234 pluviis
929 1186 1100 1233 migravit
1119 1193 1227 1221 nocte
1245 1186 1446 1222 Johannes.

576 1250 646 1286 Hic
666 1248 791 1284 Remis
811 1255 936 1290 natus,
957 1246 1002 1281 de
1019 1247 1168 1281 Francis
1186 1253 1240 1281 est
1255 1246 1454 1290 oriundus,

575 1310 809 1356 Ilbertusque
827 1313 930 1355 pater
948 1307 1020 1341 fuit
1037 1305 1110 1349 illi,
1131 1306 1266 1340 Poncia
1284 1313 1413 1341 mater.

575 1371 628 1404 De
648 1368 784 1403 subulae
804 1368 908 1402 lucro
926 1379 1082 1414 puerum
1103 1378 1214 1414 quem
1233 1367 1332 1413 pavit
1349 1367 1454 1413 origo
1467 1395 1475 1410 ‚

576 1427 716 1462 Extulit
733 1426 778 1461 ad
795 1426 955 1460 celebres
973 1437 1030 1459 ars
1049 1425 1227 1459 libertatis
1244 1424 1417 1459 honores.

578 1487 742 1522 Utilibus
759 1486 890 1521 studiis
908 1486 980 1520 fuit
997 1498 1016 1519 a
1033 1484 1238 1531 puerilibus
1258 1485 1361 1518 annis

581 1546 752 1589 Dedstus,
777 1544 874 1579 unde
893 1544 1010 1578 solum
1031 1544 1211 1578 Remense
1229 1555 1386 1590 suosque
1405 1542 1554 1590 reliquit
1573 1559 1580 1584 3

582 1607 693 1640 Venit
707 1605 751 1639 ad
772 1612 939 1639 externos
958 1603 1163 1646 Uticense83
1179 1604 1330 1648 junctus
1348 1603 1486 1637 eisdem
1499 1631 1507 1646 ‚

582 1667 678 1699 Pene
697 1666 823 1699 deceni
843 1663 968 1697 lustris
984 1663 1184 1697 monachus
1204 1663 1294 1706 suit,
1316 1674 1430 1709 usque
1448 1662 1611 1697 celebris.

586 1726 738 1770 Ingenio
760 1724 903 1758 subtilis
920 1730 1014 1764 erat,
1037 1724 1109 1757 cito
1127 1735 1273 1757 carmen
1294 1723 1442 1769 agebat,

583 1785 700 1818 Metro
720 1794 782 1816 seu
802 1793 907 1828 prosa
926 1793 1089 1827 pangens
1106 1792 1345 1827 quaecumque
1359 1780 1511 1815 volebat.

585 1845 671 1878 Otia
691 1842 846 1884 vitabat,
868 1841 1047 1886 majorum
1069 1841 1203 1887 scripta
1222 1841 1382 1887 legebat,

587 1901 789 1937 Commoda
812 1902 1016 1947 priscorum
1035 1912 1185 1947 carpens
1204 1899 1423 1935 documenta
1442 1902 1616 1936 virorum.

589 1964 632 1997 In
651 1962 753 1997 cultu
770 1961 910 1996 Christi
925 1960 1158 1995 laudabiliter
1173 1960 1352 2007 vigilavit3

591 2023 706 2057 Nocte
725 2021 858 2068 dieque
877 2022 952 2055 Deo
973 2033 1034 2055 sua
1053 2019 1207 2054 reddere
1226 2027 1306 2054 vota
1323 2021 1471 2068 sategit3

597 2081 746 2117 Actibus
762 2088 798 2114 et
815 2080 932 2115 verbis
951 2079 1133 2125 exemplar
1151 2086 1230 2113 erat
1248 2080 1415 2125 pietatis,

595 2143 729 2176 Divinae
749 2141 838 2187 legis
854 2141 1069 2187 frequenter
1082 2151 1192 2185 opaca
1207 2139 1376 2175 revolvit:

594 2203 743 2248 Mystica
759 2200 948 2247 discipulis
967 2207 1070 2245 grato
1091 2211 1258 2233 sermone
1277 2200 1420 2233 retexit.

595 2261 697 2296 Sicut
714 2272 816 2306 apeS,
836 2258 1026 2294 stimulum
1048 2266 1243 2304 nectarque
1261 2257 1401 2292 ferebat
1423 2258 1460 2291 in
1480 2270 1541 2291 ore
1559 2272 1567 2297 ζ,

593 2318 754 2365 Cuspide
771 2317 957 2365 pungebat
976 2317 1155 2359 tumidos,
1176 2316 1286 2350 dabat
1305 2316 1473 2350 innocuis
1491 2314 1574 2349 mel.

597 2377 760 2413 Consilio
778 2377 876 2410 dulci
895 2377 1018 2411 tristes
1038 2376 1221 2410 mulcebat
1238 2382 1275 2409 et
1290 2387 1420 2421 aegros;

600 2438 804 2485 Asperitate
820 2437 913 2471 leves
927 2436 1178 2483 reprimendo,
1200 2435 1353 2470 docebat
1370 2435 1524 2481 ineptos.

600 2498 843 2533 Adhreviator
860 2504 937 2531 erat
954 2496 1065 2531 solers
1081 2504 1117 2531 et
1136 2495 1309 2543 providus
1322 2523 1330 2538 ,
1349 2502 1431 2542 apte

599 2558 790 2592 Materiam
808 2557 932 2603 paucis
950 2557 1137 2603 ingentem
1158 2555 1321 2590 versibus
1338 2567 1476 2589 arcens,

601 2617 760 2651 Plurima
780 2616 824 2651 de
841 2616 1009 2658 Christo,
1031 2616 1076 2651 de
1096 2616 1253 2662 Virgine
1273 2622 1389 2649 matre
1408 2615 1540 2656 Maria,

601 2678 774 2712 Carmina
791 2676 919 2711 devote
936 2676 1105 2719 dictavit,
1129 2675 1415 2722 honorificeque.

606 2738 764 2771 Plurima
782 2736 828 2771 de
845 2737 976 2771 sanctis
994 2736 1147 2783 pulchre
1168 2735 1326 2770 reboavit
1341 2735 1478 2769 amicis.

610 2797 629 2829 N
644 2796 779 2829 ersilice
802 2797 912 2829 sancii
934 2797 1041 2830 witam
1063 2794 1255 2838 descripsit
1276 2793 1411 2827 Ebu-ulfi
