1951 3194
131 287 398 338 [1050-1057]
621 288 772 326 LIBER
800 288 1031 328 TERTIUS.
1474 287 1523 325 43

128 365 394 422 daemonio,
433 364 825 432 vehementerque
859 377 1064 414 vexatus.
1100 367 1239 412 Hunc
1276 383 1382 410 cum
1421 381 1523 411 mo-

129 442 264 489 nachi
290 442 583 490 horribiliter
603 444 880 491 clamantem
905 444 1145 501 audirent,
1171 442 1229 489 ad
1251 461 1357 489 eum
1380 459 1526 488 acces-

129 531 314 576 serunt,
344 521 572 586 illumque
590 521 942 585 propulsantes,
970 532 1016 568 et
1038 539 1203 587 aquam
1230 519 1525 567 benedictam

129 614 268 661 super
307 597 441 643 illum
478 609 768 662 spargentes,
809 598 887 643 vix
921 598 1173 662 aliquando
1214 615 1238 643 a
1280 597 1526 643 vexatione

128 673 386 720 daemonica
406 691 567 721 eruere
586 674 858 739 quiverunt.
887 674 978 734 Qui
999 674 1055 719 ad
1078 692 1123 721 se
1149 691 1359 721 reversus
1383 671 1527 718 intel-

129 751 232 815 ligit
251 761 446 814 propter
464 751 587 796 furta
607 769 712 815 quae
731 761 885 816 egerat
903 750 1144 797 diabolum
1164 752 1303 797 talem
1321 759 1529 814 potesta-

133 839 225 874 tem
251 845 389 891 super
413 845 458 874 se
480 829 730 892 accepisse,
761 829 1074 893 promisitque
1097 827 1226 893 quod
1250 827 1308 873 ab
1334 827 1417 872 hac
1439 843 1528 872 ne-

129 904 277 968 quitia
301 904 358 951 de
384 915 555 952 caetero
580 905 838 952 custodiret
858 923 921 953 se.
952 905 1040 951 Sed
1063 916 1221 969 postea
1244 921 1378 950 more
1403 903 1528 948 canis

129 980 186 1026 ad
220 999 358 1027 suum
391 983 626 1028 vomitum
661 1000 873 1028 reversus
907 992 1000 1039 est;
1040 983 1165 1030 unde
1200 982 1423 1046 capitium
1460 979 1527 1024 illi

130 1056 271 1104 abbas
297 1059 578 1105 Teoderieus
610 1058 780 1105 abscidi
812 1059 951 1117 fecit,
987 1077 1188 1124 eumque
1216 1060 1273 1106 de
1304 1056 1529 1104 coenobio

131 1135 315 1198 expelli.
343 1136 530 1198 Ejectus
562 1147 718 1183 autem
743 1136 799 1183 de
832 1137 1030 1201 collegio
1063 1137 1292 1193 fratrum,
1325 1136 1415 1182 iter
1448 1136 1530 1198 (ut

131 1212 325 1275 dicunt)
356 1213 404 1259 in
434 1214 689 1260 Jerusalem
715 1215 941 1277 arripuit3
971 1214 1051 1260 sed
1076 1214 1275 1261 omnino
1295 1212 1529 1259 nescimus

132 1288 317 1351 qualem
340 1300 498 1351 postea
522 1289 665 1336 finem
690 1291 884 1337 sortitus
906 1290 1069 1337 fuerit.

200 1365 400 1424 Quidam
425 1365 673 1430 presbyter
696 1366 958 1413 Anseredus
985 1367 1179 1413 nomine
1205 1366 1254 1412 in
1285 1364 1529 1412 territorio

133 1441 275 1496 villae,
302 1459 407 1505 quae
430 1442 607 1505 Sappus
625 1442 816 1499 dicitur,
843 1444 1187 1500 commanebat,
1209 1443 1291 1507 qui
1309 1443 1453 1488 vitam
1472 1441 1532 1487 le-

134 1535 239 1564 vem
261 1518 476 1582 pluribus
503 1518 653 1565 modis
672 1519 888 1567 ducebat.
917 1522 1003 1566 Hic
1024 1520 1137 1566 dum
1162 1520 1219 1565 ab
1243 1518 1532 1584 aegritudinis

136 1596 438 1643 incommodo
473 1596 773 1662 fatigaretur,
811 1615 835 1644 a
869 1600 1112 1646 monachis
1145 1598 1398 1662 supradicti
1433 1613 1529 1642 coe-

134 1672 267 1719 nobii
311 1672 526 1719 habitum
564 1676 708 1720 sancti
752 1674 989 1722 Benedicti
1033 1676 1120 1721 sibi
1159 1675 1258 1721 dari
1295 1673 1527 1738 poposcit.

137 1749 276 1808 Quod
307 1767 412 1795 cum
441 1749 632 1814 adeptus
668 1751 854 1809 fuisset,
895 1752 951 1798 ad
989 1751 1267 1799 coenobium
1307 1761 1374 1797 est
1406 1750 1533 1796 dela—

136 1837 238 1885 tus,
273 1837 412 1890 atque
445 1828 493 1872 in
533 1828 789 1875 infirmaria
826 1831 1023 1893 positus.
1063 1830 1154 1889 Qui
1186 1839 1437 1893 postquam
1475 1825 1532 1871 ab

136 1904 294 1951 eadem
327 1905 605 1967 aegritudine
639 1907 904 1962 convaluit,
937 1907 1063 1952 illam
1094 1906 1355 1960 levitatem,
1391 1921 1532 1968 quam

140 1980 186 2024 in
210 1981 417 2025 saeculari
444 1982 798 2029 conversatione
821 1983 1103 2047 agitaverat,
1133 1983 1180 2027 in
1199 1991 1429 2046 quantum
1451 1997 1532 2043 po-

140 2067 259 2103 terat
289 2058 568 2104 resumebat.
603 2060 664 2105 Et
692 2060 812 2105 sicut
838 2060 1028 2125 quidam
1059 2061 1240 2124 sapiens
1274 2058 1330 2105 de
1362 2057 1533 2103 talibus

139 2133 253 2179 dicit
276 2154 285 2179 :

255 2236 416 2279 Coelum,
440 2249 512 2271 non
528 2238 684 2272 animam
704 2246 837 2281 mutat,
858 2240 921 2286 qui
939 2247 1038 2273 trans
1052 2251 1149 2273 mare
1167 2239 1282 2273 currit
1294 2239 1356 2283 (ι),

144 2328 226 2374 iste
249 2329 461 2376 habitum
482 2331 835 2388 tantummodo,
858 2350 955 2379 non
976 2350 1130 2379 mores
1153 2333 1369 2377 mutavit.
1393 2330 1534 2392 Cujus

146 2404 287 2449 vitam
311 2415 357 2450 et
379 2409 780 2454 conversationem
801 2426 907 2454 cum
932 2408 1071 2455 abbas
1095 2408 1378 2455 Teodericus
1402 2406 1534 2452 valde

144 2480 557 2543 reprehensibilem
581 2497 818 2543 cerneret,
856 2486 1084 2549 illumque
1114 2501 1295 2530 sacrum
1320 2483 1532 2529 ordinem

145 2559 254 2604 odio
289 2558 457 2606 habere
489 2561 670 2608 audiret
702 2563 1027 2625 (mandaverat
1057 2563 1182 2609 enim
1218 2562 1336 2622 patri
1374 2579 1458 2607 suo
1491 2573 1537 2606 et

192 2709 240 2753 (ι)
266 2710 361 2743 Lisez
386 2726 388 2729 ·
418 2711 570 2747 L'wlmn.
587 2725 656 2745 nrm
677 2715 834 2745 animum
852 2742 855 2747 ,
881 2718 1038 2751 mutant,
1056 2713 1119 2757 (sui
1135 2717 1236 2745 trans
1259 2723 1355 2745 mare
1371 2716 1521 2744 curtam(

148 2769 235 2802 Hor.
259 2770 320 2814 Ep.
346 2782 375 2813 ι,
398 2782 447 2809 Χι,
467 2781 520 2815 ‘²3'-
