1951 3194
303 221 378 258 112
668 219 912 258 HISTORIA
942 217 1344 258 ECCLESIASTICA.
1475 224 1576 271 [posr
1595 223 1716 272 1063]

299 315 483 345 carcere
495 334 508 357 ‚
537 299 585 344 in
607 309 783 345 aeterna
803 298 967 362 requie
989 296 1280 344 famulorum
1302 310 1496 346 tuorum
1515 300 1715 365 collegio

300 393 469 423 insere.

361 452 478 498 Duae
516 451 712 497 Ernaldi
750 450 860 497 filiae
898 460 1005 515 post
1034 461 1239 498 mortem
1271 453 1415 515 patris
1456 464 1503 500 et
1536 453 1714 501 desola-

296 532 479 579 tionem
498 548 694 578 suorum
712 540 1001 594 optaverunt
1019 530 1165 594 magis
1183 531 1283 576 Deo
1301 530 1485 594 placere
1503 530 1712 578 modesta

295 609 642 673 compositione
676 625 899 665 morum,
938 625 1081 672 quam
1115 607 1290 654 saeculo
1325 606 1562 671 subjacere
1597 626 1708 655 cor—

293 676 893 750 ruptibili*pulchritudine
921 702 1197 748 corporum.
1226 684 1364 731 Unde
1387 686 1711 750 virginitatem

291 762 444 809 ambae
477 764 576 810 Deo
605 763 884 810 dicaverunt
905 798 920 822 ,
955 763 1230 827 mundoque
1263 772 1423 827 spreto
1460 766 1712 812 sanctimo-

292 842 436 888 niales
458 842 636 889 effectae
658 851 786 887 sunt.
808 840 930 887 Nam
947 841 1206 887 Petronilla
1228 842 1277 886 in
1298 840 1523 888 coenobio
1543 841 1591 887 S.
1618 841 1711 887 Ma-

291 920 376 966 riae
400 919 664 984 Andegavis
689 919 848 965 velum
868 918 1097 982 suscepit,
1119 917 1299 982 diuque
1325 917 1585 964 secundum
1609 935 1709 965 mo-

290 1015 390 1044 rem
436 998 634 1044 aliarum
679 997 921 1061 virginum
964 996 1215 1059 diligenter
1262 1013 1447 1041 sacrum
1488 994 1707 1042 ordinem

289 1076 520 1132 servavit,
558 1092 611 1120 ac
644 1074 814 1121 deinde
846 1091 932 1137 per
964 1090 996 1118 Χ
1026 1090 1176 1119 annos
1209 1074 1308 1136 jam
1343 1072 1548 1130 inclusa,
1582 1071 1706 1119 fama

288 1153 549 1198 sanctitatis
585 1162 632 1199 et
667 1151 857 1197 virtutis
890 1150 1109 1214 exemplo
1145 1150 1285 1215 longe
1321 1150 1507 1214 lateque
1542 1150 1705 1196 multis

289 1229 562 1276 innotescit.
590 1230 743 1276 Porro
767 1228 894 1275 Geva
919 1244 1056 1274 soror
1079 1229 1175 1291 ejus
1201 1228 1251 1274 in
1275 1227 1501 1274 coenobio
1526 1228 1573 1273 S.
1598 1228 1706 1273 Tri-

285 1308 476 1367 nitatis,
505 1307 637 1373 quod
664 1306 905 1354 Mathildis
938 1307 1100 1371 regina
1136 1305 1260 1370 apud
1293 1305 1554 1352 Cadomum
1587 1322 1706 1352 con-

285 1388 488 1445 struxit,
518 1385 606 1433 sub
630 1386 841 1433 Beatrice
870 1383 1097 1432 abbatissa
1125 1385 1199 1449 (1)
1230 1401 1408 1431 sacram
1432 1383 1599 1430 seriem
1621 1383 1705 1429 diu

283 1464 492 1529 gerendo
513 1475 559 1511 et
580 1464 822 1521 docendo,
848 1462 937 1509 sibi
964 1473 1010 1510 et
1033 1462 1133 1509 aliis
1156 1461 1454 1508 laudabiliter
1476 1461 1698 1526 profecit.

284 1543 396 1588 Haec
416 1542 473 1588 de
496 1540 831 1588 fundatoribus
855 1540 1077 1587 Ecclesiae
1100 1550 1303 1596 nostrae,
1324 1550 1369 1586 et
1388 1557 1555 1587 eorum
1576 1539 1700 1587 dicta

281 1630 395 1665 sunt
417 1619 662 1684 progenie.
690 1618 832 1665 Nunc
855 1617 911 1664 ad
939 1618 1264 1665 narrationem
1287 1617 1529 1665 redeamus
1554 1616 1700 1665 histo-

279 1699 381 1744 riae.

342 1778 408 1824 X.
427 1777 639 1842 Inclytus
656 1777 965 1823 Normanniae
978 1775 1189 1823 marchio
1205 1776 1507 1832 willermus,
1529 1785 1695 1822 contra

277 1853 604 1910 Belvacenses,
638 1854 720 1918 qui
760 1853 876 1899 fines
913 1869 1021 1899 suos
1059 1852 1336 1916 depopulari
1376 1851 1690 1909 conabantur,

275 1944 481 1978 castrum
519 1930 648 1996 quod
686 1931 1106 1978 Novus-Mercatus
1142 1930 1317 1986 dicitur
1356 1932 1454 1995 (2),
1496 1930 1692 1995 expulso

272 2028 361 2074 pro
386 2008 589 2074 quadam
620 2010 710 2056 levi
745 2009 922 2055 offensa
953 2007 1205 2055 Goisfredo
1239 2009 1442 2055 naturali
1475 2008 1687 2067 haerede,

269 2088 327 2134 ad
350 2087 581 2134 tuendum
600 2086 817 2149 plurimis
837 2085 1075 2132 baronum
1097 2104 1291 2133 suorum
1313 2086 1684 2141 commendavit3

270 2164 348 2211 sed
372 2164 449 2209 vix
483 2163 605 2209 ullus
643 2181 809 2211 corum
841 2173 1040 2227 propter
1076 2163 1349 2210 infestantes
1381 2163 1611 2208 Milliacos
1640 2173 1687 2209 et

270 2239 574 2287 Gerberritos
601 2240 700 2302 (ὅ),
744 2238 952 2302 aliosque
993 2238 1203 2285 confines
1239 2256 1336 2286 uno
1371 2255 1498 2284 anno
1539 2239 1683 2284 tutari

313 2429 363 2473 (ι)
389 2427 535 2461 Beatrix
552 2427 597 2460 1¹⁰
617 2425 662 2460 de
680 2424 921 2471 Hugueville‚
943 2424 1151 2470 cinquieme
1176 2424 1322 2458 abbesse
1349 2423 1393 2457 de
1417 2423 1449 2457 la
1472 2422 1616 2457 Trinite
1634 2421 1679 2456 de

265 2488 360 2522 Caen
372 2515 380 2531 ,
401 2486 648 2521 administrait
665 2497 705 2519 ce
724 2485 927 2519 monastere
946 2496 991 2518 au
1006 2490 1169 2518 moment
1188 2485 1235 2517 ou
1251 2490 1355 2517 notre
1373 2489 1503 2516 auteur
1517 2481 1674 2516 ecrivait.

313 2548 364 2589 (a)
392 2547 438 2580 Le
458 2543 931 2580 Reus-Marchecn-Lions.
962 2544 1026 2576 Les
1044 2542 1167 2576 ruinos
1189 2542 1239 2576 du
1265 2542 1417 2576 chaitcau
1441 2547 1522 2575 sont
1539 2551 1676 2574 remar-

265 2603 414 2650 quablcs
433 2617 498 2650 par
516 2604 566 2639 les
583 2603 737 2651 grandes
753 2603 978 2638 dimensions
992 2601 1054 2636 des
1069 2602 1207 2648 pierres
1224 2602 1286 2648 qui
1305 2614 1349 2635 en
1365 2599 1609 2646 composaient
1627 2597 1676 2632 les

265 2663 518 2697 revetemcnts.

311 2720 360 2759 (3x
387 2723 451 2754 lies
480 2723 663 2756 habitants
683 2723 727 2757 ‹lc
756 2722 845 2756 Milli
875 2729 910 2755 et
936 2721 980 2755 ‹lc
1007 2720 1200 2755 Gcrbcroi.
1232 2719 1323 2755 Milli
1353 2725 1404 2752 cst
1432 2728 1481 2749 un
1507 2715 1625 2761 bourg
1653 2717 1671 2749 ἐι

350 2754 357 2766 s
