1951 3194
305 301 355 336 70
678 301 919 339 HISTORIA
950 301 1347 340 ECCLESIASTICA.
1453 307 1720 357 [1059-1061]

310 387 465 424 tarum
506 378 773 443 indaginem
810 397 971 425 rerum
1012 380 1260 444 insigniter
1299 383 1470 446 attigit.
1514 384 1630 430 Nam
1670 386 1716 431 in

305 457 606 520 grammatica
633 468 678 505 et
708 457 976 515 dialectiea,
1013 458 1061 503 in
1094 460 1383 529 astronomia
1413 479 1604 526 quoque
1636 481 1718 509 no·

305 531 468 581 biliter
487 533 698 581 eruditus
724 545 818 593 est,
838 545 885 581 et
905 535 1098 581 musica.
1120 535 1332 601 Physicae
1353 554 1543 602 quoque
1560 540 1716 585 scien-

306 611 422 656 tiam
446 621 541 657 tam
562 612 754 675 copiose
778 610 967 670 habuit,
989 622 1043 658 ut
1064 613 1112 658 in
1132 612 1251 660 urbe
1269 613 1606 673 Psalernitana,
1633 615 1714 662 ubi

304 687 522 733 maximae
553 687 844 735 medicorum
878 687 1050 735 scholae
1081 688 1139 734 ab
1164 690 1364 754 antiquo
1394 700 1608 755 tempore
1633 691 1716 738 ha-

302 762 497 823 bentur,
518 766 759 813 neminem
780 767 827 812 in
848 766 1114 813 medicinali
1134 778 1251 824 arte,
1276 778 1450 831 praeter
1462 767 1715 833 quamdam

302 840 560 903 sapientem
575 851 843 887 matronam
859 840 947 886 sibi
966 858 1127 904 parem
1148 841 1400 888 inveniret.
1420 841 1484 887 At
1501 843 1714 906 quamvis

302 927 430 963 tanta
455 918 722 965 litterarum
742 919 910 983 peritia
933 919 1162 983 polleret,
1190 937 1289 966 non
1315 929 1470 966 tamen
1495 920 1613 977 otio,
1635 920 1713 967 sed

301 994 487 1042 militiae
506 995 657 1044 labori
679 996 761 1043 diu
780 998 1075 1061 mancipatus
1095 1008 1187 1055 est,
1215 1007 1262 1044 et
1288 1006 1381 1044 tam
1406 1015 1550 1044 manu
1571 1016 1714 1063 quam

302 1074 502 1121 consilio
538 1075 586 1121 in
620 1074 792 1122 bellico
830 1075 1103 1122 discrimine
1136 1075 1391 1140 praeclarus
1425 1077 1549 1123 inter
1583 1094 1714 1124 coes-

300 1162 453 1199 sentes
475 1170 583 1200 suos
605 1154 848 1201 multoties
872 1152 1100 1217 probatus
1124 1163 1209 1199 est.
1238 1153 1385 1199 Multa
1406 1152 1557 1199 adhuc
1569 1189 1582 1211 ‚
1605 1171 1712 1218 quae

298 1228 438 1277 nobis
463 1232 581 1278 mira
603 1231 844 1288 videntur,
876 1231 1241 1278 Mosterolenses
1264 1231 1500 1287 referunt,
1526 1249 1632 1296 quae
1655 1231 1712 1278 de

297 1305 550 1353 subtilibus
574 1308 908 1371 experimentis
940 1310 1036 1371 ejus
1073 1318 1237 1355 eontra
1274 1306 1467 1354 morbos
1491 1307 1564 1354 vel
1595 1307 1710 1354 alios

297 1383 559 1447 insperatos
597 1395 791 1432 eventus
824 1385 895 1432 vel
932 1385 1017 1448 ipsi
1055 1384 1306 1443 viderunt,
1333 1386 1406 1432 vel
1439 1402 1462 1430 a
1494 1384 1709 1449 patribus

295 1461 404 1515 suis,
418 1460 591 1525 quibus
609 1462 705 1525 ipse
727 1462 865 1525 longa
882 1462 1104 1508 comitate
1124 1462 1396 1508 notissimus
1416 1460 1527 1519 fuit,
1546 1461 1708 1507 audie-

294 1549 425 1584 runt.
456 1540 556 1602 Ipse
581 1538 772 1586 tandem
792 1538 1042 1584 titubantis
1069 1538 1234 1583 mundi
1261 1538 1448 1583 ruinam
1470 1548 1703 1594 metuens,

293 1624 339 1661 et
353 1614 575 1679 prudenti
596 1615 980 1680 tergiversatione
999 1632 1286 1677 praecavens,
1308 1614 1465 1660 saeculi
1483 1615 1598 1662 luxu
1617 1615 1705 1660 eal—

291 1703 419 1749 cato,
448 1693 597 1757 Majus
632 1694 979 1740 Monasterium
1005 1693 1151 1738 saneti
1183 1693 1381 1739 Martini
1410 1693 1704 1740 Turonensis

290 1771 487 1835 expetiit
507 1807 520 1829 ,
548 1781 594 1818 et
619 1771 707 1817 sub
732 1771 931 1818 Alberto
957 1769 1212 1818 venerabili
1239 1770 1406 1818 abbate
1431 1772 1502 1836 (ι)
1534 1789 1703 1819 mona-

290 1846 401 1893 chili
427 1848 602 1913 regulae
627 1860 804 1912 septem
829 1849 963 1895 annis
988 1849 1226 1894 militavit.
1256 1849 1347 1909 Qui
1378 1860 1626 1915 postquam
1651 1850 1698 1895 in

288 1925 456 1972 ordine
483 1925 790 1972 confirmatus
817 1926 933 1982 fuit,
963 1925 1130 1973 abbate
1154 1944 1238 1973 suo
1263 1928 1570 1990 permittente
1593 1927 1702 1973 Uti-

289 2020 397 2049 eum
419 2004 577 2062 venit,
605 2014 829 2068 nepotem
855 2003 1032 2050 seilicet
1055 2003 1259 2051 solatiari
1285 2022 1448 2060 suum,
1476 2005 1700 2068 quiajam

287 2081 489 2128 novellae
509 2083 717 2146 regimen
740 2081 945 2128 ecclesiae
966 2082 1185 2146 suscepit.
1209 2082 1273 2127 Et
1289 2083 1398 2146 quia
1418 2082 1542 2128 idem
1562 2081 1699 2129 heros

287 2175 378 2223 pro
403 2157 566 2203 multis
598 2158 785 2222 flagitiis
800 2194 812 2215 ,
839 2157 1010 2223 quibus
1044 2175 1090 2205 se
1117 2159 1322 2223 graviter
1345 2170 1571 2205 onustum
1593 2176 1701 2205 sen-

288 2235 459 2293 tiebat,
486 2254 510 2281 a
531 2236 745 2283 Domino
767 2235 992 2282 morbum
1012 2237 1156 2300 leprae
1184 2237 1344 2283 multis
1368 2236 1586 2300 precibus
1610 2235 1697 2282 sibi

287 2314 587 2370 obtinuerat,
615 2313 864 2378 quamdam
898 2315 944 2360 in
982 2314 1165 2361 honore
1188 2315 1335 2360 sancti
1364 2313 1550 2360 Ebrulfi
1576 2332 1698 2361 con-

286 2403 515 2440 structam
547 2391 770 2456 capellam
803 2394 878 2456 (2)
912 2411 934 2437 a
969 2404 1143 2456 nepote
1176 2409 1261 2438 suo
1295 2393 1500 2455 recepit,
1540 2391 1699 2456 ibique

287 2470 594 2518 Goscelinum
616 2469 901 2517 monachum
931 2471 987 2516 ad
1018 2472 1101 2517 Dei
1125 2470 1366 2516 servitium
1390 2470 1554 2534 suique
1577 2469 1697 2515 sola-

330 2685 380 2729 (1)
396 2684 517 2728 Voyez
535 2685 713 2719 ci-dessus
734 2697 822 2731 page
843 2696 896 2731 ‘29-
1502 2731 1505 2734 Ι

330 2743 379 2787 (2)
414 2744 457 2776 La
489 2744 648 2789 chapelle
677 2735 945 2779 Saint-Evroult
977 2751 1078 2778 entre
1111 2743 1271 2779 l'abbave
1303 2743 1346 2775 de
1366 2739 1632 2776 Saintijvrouli
1656 2747 1687 2773 cl

286 2794 503 2836 illelmusour.
