1951 3194
272 267 348 304 136
628 266 871 304 HISTORIA
902 265 1304 306 ECCLESIASTICA.
1336 272 1457 319 [CIRCA
1474 271 1676 321 668-977]

269 342 394 389 tibus
418 342 562 390 dedit.
590 342 660 389 lbi
681 343 830 390 fidelis
849 342 1022 391 athleta
1042 344 1125 391 Dei
1144 345 1171 391 J
1176 345 1350 393 udocus
1368 347 1451 394 diu
1472 353 1573 396 Deo
1595 349 1680 395 mi-

266 422 443 478 litavit,
464 432 511 468 et
529 432 701 467 sanctae
721 422 830 467 vitae
850 439 992 468 cursu
1008 421 1212 470 feliciter
1231 436 1557 473 consummato
1577 425 1679 472 idus

264 498 526 546 decembris
550 498 607 544 ad
630 497 874 545 Christum
898 500 1134 565 migravit.

328 578 434 624 Duo
460 587 655 641 nepotes
681 582 778 641 ejus
800 578 1106 626 VVinnochus
1139 590 1185 626 et
1216 579 1469 626 Arnochus
1504 579 1681 628 ibidem

263 655 302 700 ci
330 665 681 710 successerunt,
710 665 757 701 et
781 666 997 702 sanctum
1021 673 1217 721 corpus,
1244 658 1374 723 quod
1406 657 1488 704 diu
1517 659 1681 705 incor-

262 741 462 794 ruptum
499 731 695 788 mansit,
739 730 1017 796 frequenter
1054 752 1172 799 aqua
1208 734 1361 781 lavare
1402 745 1448 781 et
1483 734 1682 781 tondere

263 819 631 856 consueverunt.
649 809 959 857 Drochtricus
974 812 1068 859 dux
1084 813 1328 859 Haimonis
1343 829 1581 859 successor
1591 811 1681 858 hoc

262 885 467 942 audivit,
504 885 583 932 sed
607 886 797 934 credere
829 887 1080 935 dubitavit.
1117 890 1219 936 Hoc
1248 890 1393 954 igitur
1417 889 1680 953 procaciter

263 964 509 1028 explorare
534 964 724 1021 volens,
746 967 791 1011 vi
819 984 1001 1013 sacrum
1033 968 1303 1032 sepulcrum
1332 968 1503 1031 aperiri
1533 966 1646 1014 fecit
1662 1002 1674 1023 ,

263 1054 309 1089 et
336 1044 463 1089 intus
497 1044 813 1090 irreverenter
845 1046 1046 1092 intuitus
1074 1058 1123 1093 et
1154 1063 1268 1093 mox
1297 1046 1549 1093 exterritus
1576 1046 1673 1091 ait:

262 1121 371 1167 Alz!
406 1133 572 1168 sancte
599 1123 820 1169 ‚ladocel
845 1125 1017 1170 Statim
1053 1124 1220 1170 surdus
1257 1136 1304 1171 et
1334 1136 1494 1171 mutus
1530 1124 1678 1171 factus

264 1209 357 1253 est,
391 1209 438 1244 et
479 1216 626 1263 usque
665 1198 721 1245 ad
759 1211 966 1247 mortem
1002 1202 1134 1248 omni
1172 1219 1373 1265 corpore
1407 1200 1678 1248 debilitatus

262 1284 347 1320 est.
380 1274 512 1321 Uxor
537 1285 696 1321 autem
719 1278 816 1340 ejus
842 1277 1112 1324 infortunio
1135 1278 1225 1324 viri
1256 1279 1419 1324 territa
1443 1277 1500 1323 ad
1524 1278 1680 1323 Deum

264 1352 525 1416 ingemuit,
562 1364 608 1400 et
642 1371 732 1418 pro
765 1355 1022 1402 salvatione
1052 1356 1223 1402 animae
1255 1355 1367 1402 duas
1394 1355 1526 1402 villas
1556 1355 1681 1400 Cris-

261 1430 506 1493 piniacum
523 1441 570 1477 et
587 1431 896 1479 Netrevillam
917 1434 989 1497 (1)
1012 1444 1174 1480 sancto
1195 1434 1377 1482 Judoco
1396 1433 1541 1480 dedit.
1567 1433 1679 1478 Haec

264 1509 421 1573 itaque
446 1519 660 1573 tempore
688 1510 943 1574 Dagoberti
979 1511 1063 1558 filii
1098 1510 1305 1558 Lotharii
1338 1512 1528 1576 Magni,
1559 1511 1680 1575 regis

262 1587 581 1643 Francorum,
611 1597 737 1651 gesta
761 1600 889 1634 sunt.

328 1663 638 1710 Floriacensis
667 1665 961 1712 Isembardus
987 1669 1060 1731 (2)
1087 1667 1330 1718 Herboldo
1354 1669 1514 1716 abbati
1540 1668 1681 1714 insti-

264 1750 403 1804 gante
425 1740 670 1789 Adelelmo
700 1742 936 1790 monacho
958 1745 1183 1793 describit
1209 1747 1338 1812 quod
1360 1764 1488 1794 anno
1512 1745 1569 1792 ab
1603 1745 1682 1790 in-

266 1818 542 1865 carnatione
581 1819 775 1865 Domini
813 1830 1174 1881 DCCCCLXXV110,
1217 1834 1432 1889 tempore
1467 1822 1681 1870 Lotharii

267 1895 352 1941 filii
384 1895 611 1942 Ludovici
645 1898 768 1961 regis
791 1899 1112 1958 Francorum,
1149 1919 1322 1966 corpus
1351 1903 1400 1948 S.
1427 1900 1593 1948 Judoci
1618 1901 1683 1946 sic

268 1974 516 2020 inventum
553 1975 629 2021 sit.
673 1975 894 2023 Rusticus
929 1977 1123 2042 quidam
1158 1981 1354 2028 nomine
1390 1978 1679 2044 Stephanus,

266 2051 345 2114 qui
369 2069 424 2098 ex
446 2051 601 2098 officio
618 2053 882 2100 molendini
901 2056 1082 2103 victum
1101 2057 1412 2122 quaeritabat,
1435 2058 1485 2103 in
1505 2056 1682 2103 somnis

264 2148 287 2173 a
320 2129 527 2193 quodam
569 2129 680 2175 clari
720 2130 908 2178 habitus
945 2134 1050 2182 viro
1088 2135 1387 2191 admonitus,
1429 2135 1485 2180 ad
1521 2135 1681 2181 locum

263 2207 309 2252 S.
329 2207 496 2254 Judoci
511 2208 660 2263 venit,
678 2219 725 2254 et
741 2209 902 2256 relicta
917 2229 1065 2260 uxore
1084 2231 1192 2259 cum
1214 2213 1321 2259 filiis
1337 2212 1533 2259 clericus
1549 2212 1681 2258 effec-

263 2295 337 2330 tus
365 2295 450 2331 est.
483 2285 668 2349 Corpus
687 2304 799 2334 vero
832 2289 880 2334 S.
903 2289 1097 2350 Judoci,
1131 2290 1261 2355 quod
1294 2301 1409 2337 tunc
1442 2309 1465 2336 a
1500 2291 1681 2336 cunctis

310 2468 359 2511 (ι)
386 2467 483 2501 Dans
500 2466 535 2501 la
553 2468 608 2502 vie
622 2468 767 2514 publiee
784 2482 849 2516 pai·
864 2471 1056 2515 mabillon,
1085 2473 1109 2507 il
1131 2474 1220 2509 n’est
1240 2474 1339 2521 pavle
1361 2488 1432 2523 que
1451 2475 1502 2509 du
1522 2475 1679 2522 premier

264 2525 309 2559 (ie
327 2539 383 2560 ces
402 2526 601 2562 domaines.

308 2586 358 2627 (2)
386 2585 572 2620 Isembard
587 2614 595 2629 ,
615 2587 736 2621 moine
758 2587 803 2622 de
822 2588 963 2633 Fleuri,
989 2591 1158 2627 ssorissait
1177 2592 1265 2627 dans
1288 2593 1322 2627 la
1347 2593 1535 2627 deuxieme
1553 2592 1680 2625 moitis·

261 2640 308 2675 flu
329 2648 362 2675 xe
380 2643 486 2679 siecle
505 2654 541 2680 et
553 2645 584 2680 la
597 2647 777 2693 premiere
795 2647 843 2681 du
862 2655 921 2683 me.
936 2651 986 2686 Ce
1000 2651 1056 2686 fut
1073 2654 1176 2699 apres
1190 2653 1222 2688 la
1235 2653 1450 2688 deeouverte
1462 2659 1499 2686 et
1519 2651 1551 2685 la
1563 2657 1676 2685 trans>

259 2699 371 2734 latiori
396 2702 445 2735 du
474 2716 578 2750 corps
605 2705 648 2739 de
669 2706 761 2740 saint
788 2708 905 2751 Josse,
928 2722 972 2744 en
989 2723 1069 2758 975,
1094 2724 1165 2758 quc
1183 2712 1233 2746 les
1248 2712 1386 2746 moines
1403 2710 1447 2744 de
1465 2721 1527 2744 son
1542 2709 1678 2753 abbaye

258 2772 290 2805 pi
304 2760 417 2794 iri-mii
437 2770 492 2797 cet
507 2765 662 2799 oei-ivam
685 2766 728 2801 de
744 2778 931 2814 composer
949 2769 980 2803 la
1002 2771 1055 2806 vie
1074 2771 1117 2806 (le
1139 2771 1217 2806 leui·
1236 2772 1327 2806 saint
1348 2777 1491 2816 patron.
