1951 3194
128 230 339 281 [699-714]
621 232 774 270 LIBER
804 233 1059 281 QUARTUS.
1415 287 1419 290 ι
1466 239 1543 276 :273

193 310 444 370 Quondam
465 309 579 356 dum
599 311 825 375 praefatus
846 312 1099 359 Wilfridus
1118 313 1304 360 exulem
1328 313 1546 362 Edelbal-

126 386 240 432 dum
258 388 324 449 (1)
347 387 404 433 ad
427 386 673 434 hominem
691 388 773 435 Dei
801 387 1092 446 adduxisset,
1116 391 1418 456 manicasque
1443 410 1546 438 suas

129 466 176 511 in
206 466 310 511 navi
345 484 436 531 qua
467 467 648 513 advecti
673 466 888 523 fuerant,
919 466 1097 513 oblitus
1132 467 1324 526 fuisset,
1360 488 1547 534 rapaces

129 545 257 590 corvi
272 555 550 607 rapuerunt.
569 544 708 604 Quod
723 561 836 591 mox
854 545 925 589 vir
938 545 1039 601 Dei,
1062 547 1112 591 in
1126 545 1362 594 vestibulo
1378 548 1547 595 domus

128 620 313 677 sedens,
337 622 384 667 iu
404 622 576 685 spiritu
600 622 682 667 Dei
706 621 924 685 agnovit,
949 632 995 667 et
1016 622 1142 668 inter
1163 623 1401 689 colloquia
1422 625 1549 672 Wil-

128 697 253 746 frido
282 700 544 754 intimavit,
577 717 663 745 nec
698 698 854 744 multo
882 709 989 761 post
1019 700 1197 747 virtute
1224 701 1330 748 fidei
1363 713 1410 749 et
1440 721 1551 750 ora—

131 776 273 823 tionis
298 777 504 841 gementi
531 793 618 840 pro
642 775 819 824 damno
844 777 1143 822 restauravit.

196 853 502 910 Wehtredus,
518 853 645 918 incly
653 853 918 916 tusjuvenis
929 853 1074 900 Orien
1082 854 1247 900 talium
1260 855 1547 920 Anglorum,

130 949 153 976 a
169 931 409 979 daemonio
430 933 615 978 invasus
638 942 732 988 est,
761 941 808 978 et
827 942 1035 996 quatuor
1058 934 1194 979 annis
1217 935 1552 984 miserabiliter

130 1019 321 1056 vexatus
353 1020 436 1056 est.
469 1010 526 1056 Se
557 1021 604 1057 et
636 1027 965 1075 quoscumque
995 1022 1182 1074 poterat
1206 1013 1363 1077 ligno,
1393 1014 1548 1072 ferro,

129 1085 365 1151 unguibus
391 1098 438 1133 et
464 1087 686 1134 dentibus
716 1087 938 1134 laniabat.
971 1087 1225 1148 Quondam
1246 1090 1361 1137 dum
1382 1093 1553 1139 multi-

132 1164 246 1211 tudo
268 1165 402 1211 illum
425 1165 569 1230 ligare
596 1176 818 1223 tentaret,
850 1177 1034 1230 arrepta
1062 1166 1272 1231 bipenne
1299 1180 1393 1216 tres
1422 1172 1551 1219 viros

130 1243 321 1290 occidit.
345 1244 457 1290 Post
481 1255 688 1308 quatuor
707 1261 856 1291 annos
881 1245 1186 1292 Crulandiam
1207 1247 1435 1295 adductus
1455 1261 1548 1307 est;

129 1337 272 1384 quem
297 1321 371 1366 vir
395 1321 478 1367 Dei
511 1339 654 1367 manu
687 1322 945 1384 arripienS‚
974 1322 1100 1368 intra
1125 1325 1391 1372 oratorium
1413 1345 1551 1373 suum

130 1398 265 1444 duxit
282 1435 294 1455 ,
335 1410 383 1445 et
415 1399 510 1445 illic
529 1435 541 1455 ,
582 1400 823 1446 continuis
861 1399 1015 1446 tribus
1056 1401 1221 1448 diebus
1250 1405 1467 1467 jejunans
1505 1418 1552 1453 et

128 1493 268 1522 orans
287 1512 298 1532 ,
339 1476 395 1522 ab
422 1479 555 1523 omni
592 1476 925 1541 inquietudine
955 1478 1151 1543 maligni
1179 1482 1372 1544 spiritus
1406 1501 1550 1529 cura-

128 1554 213 1599 vit.

192 1633 345 1697 Egga,
374 1634 558 1698 praefati
586 1635 732 1681 exulis
756 1633 999 1681 Edelhaldi
1025 1652 1206 1692 eomes,
1234 1637 1348 1683 dum
1372 1637 1430 1684 ab
1455 1640 1549 1685 im—

126 1712 308 1758 mundo
335 1712 505 1775 spiritu
529 1729 747 1775 pervasus
768 1723 860 1768 est,
891 1712 952 1757 ita
977 1723 1032 1758 ut
1055 1713 1171 1777 quid
1192 1725 1334 1769 esset,
1358 1716 1429 1762 vel
1451 1734 1548 1781 quo

125 1788 329 1846 sederet,
352 1789 425 1835 vel
449 1789 564 1854 quid
587 1799 743 1853 ageret
761 1790 963 1837 omnino
988 1791 1218 1847 nesciret,
1241 1810 1263 1837 a
1289 1793 1426 1839 sociis
1451 1795 1547 1841 suis

126 1867 181 1910 ad
210 1866 432 1913 Guthlaci
463 1866 625 1912 limina
657 1866 912 1930 perductus
944 1878 1029 1912 est.
1067 1867 1246 1914 Deinde
1275 1886 1389 1916 mox
1419 1882 1472 1916 ut
1501 1889 1548 1918 se

127 1943 317 2006 cingulo
344 1943 433 1988 viri
458 1943 542 1990 Dei
569 1943 831 2001 succinxit,
860 1943 1099 2006 integrum
1123 1961 1313 1990 sensum
1336 1947 1542 2010 recepit,

126 2023 353 2087 omnique
373 2020 679 2086 postmodum
697 2020 789 2066 vita
809 2038 889 2066 sua
910 2019 1034 2067 idem
1053 2021 1298 2085 cingulum
1318 2034 1365 2070 et
1383 2042 1544 2071 sanam

126 2111 337 2147 mentem
361 2098 542 2145 habuit.

189 2182 419 2226 Praeterea
445 2179 518 2224 vir
542 2178 628 2224 Dei
653 2176 911 2223 Guthlacus
938 2178 1110 2241 spiritu
1139 2177 1405 2242 prophetiae
1431 2180 1542 2243 pol-

126 2258 251 2313 lens,
289 2258 449 2303 futura
481 2255 740 2320 praedicere
776 2265 822 2302 et
852 2254 1166 2318 praesentibus
1192 2255 1403 2303 absentia
1432 2275 1540 2303 nar-

125 2355 228 2383 rare
249 2336 415 2383 solitus
440 2345 524 2382 est.
551 2333 747 2380 Cuidam
769 2332 952 2390 abbati,
977 2334 1059 2398 qui
1083 2334 1140 2380 acl
1162 2352 1270 2381 eum
1297 2352 1429 2381 causa
1447 2337 1539 2398 piae

125 2413 381 2461 locutionis
405 2422 622 2468 venerat,
656 2411 713 2458 de
742 2411 927 2458 duobus
954 2411 1162 2469 clericis,
1189 2413 1271 2476 qui
1300 2412 1357 2458 ad
1389 2430 1539 2459 casam

125 2492 277 2539 viduae
317 2500 425 2537 ante
461 2489 627 2536 horam
666 2490 857 2536 tertiam
890 2507 981 2553 pro
1015 2489 1275 2553 appetenda
1311 2489 1540 2539 ebrietate

125 2570 448 2626 divertissent,
477 2578 645 2613 cuncta
670 2585 754 2629 per
778 2566 996 2613 ordinem
1024 2567 1226 2612 intimat.

171 2732 219 2775 (i)
248 2723 681 2774 Ethelbald-lc-Superlw
695 2756 702 2768 ,
727 2728 788 2773 qui
809 2727 863 2761 sut
884 2727 1024 2760 ensuite
1046 2727 1098 2760 roi
1119 2726 1163 2759 de
1184 2726 1318 2759 Marcie
1337 2726 1536 2775 (716—757).

223 2807 271 2834 11.
1292 2790 1343 2833 18
