1951 3194
354 234 407 270 62
724 230 969 268 HISTORIA
1000 227 1401 268 ECCLESIASTICA.
1505 234 1774 282 μῶυ-1056]

354 310 492 357 bium
527 310 644 357 illud
680 308 993 364 fundaverat,
1030 315 1077 352 et
1110 306 1320 354 collectis
1354 309 1688 377 undecumque
1719 312 1778 358 ad

357 388 541 436 cultum
570 388 654 435 Dei
681 385 935 442 fratribus,
966 384 1280 450 subsidiisque
1305 389 1573 435 necessariis
1597 406 1777 454 procu-

357 468 470 514 ratis
495 467 750 522 ditaverat,
780 463 886 511 ideo
910 463 1139 529 regularis
1162 462 1425 528 disciplinae
1455 467 1572 532 jugo
1603 468 1653 513 in
1684 484 1778 515 no—

356 546 476 594 vella
498 545 643 592 domo
677 542 886 591 coerceri
919 559 1020 589 non
1050 551 1257 606 poterat.
1291 543 1587 607 Frequenter
1623 545 1780 610 itaque

358 623 479 687 patri
506 638 591 668 suo
619 620 740 666 clam
766 617 1069 677 detrahebat,
1099 636 1156 666 eo
1184 620 1315 684 quod
1342 620 1440 684 ipse
1467 619 1540 666 vir
1562 621 1647 668 Dei
1673 621 1781 686 plus

357 696 686 764 spiritualibus
723 714 867 762 quam
907 696 1210 743 saecularibus
1242 698 1445 762 negotiis
1483 697 1777 746 intendebat.

359 776 740 840 Nonnumquam
764 783 925 838 aperte
958 791 1067 820 cum
1091 791 1146 820 eo
1174 774 1417 839 litigabat,
1453 784 1500 821 et
1526 775 1783 822 nonnullas

361 858 459 919 ejus
495 853 863 901 constitutiones
895 851 952 899 de
984 851 1125 899 rebus
1156 852 1473 900 exterioribus
1504 853 1786 917 simpliciter

362 933 504 979 factas
544 930 863 996 vituperabat.
904 930 1042 977 Unde
1081 948 1241 978 servus
1280 932 1364 979 Dei
1404 932 1689 997 plerumque
1727 932 1786 979 ad

363 1010 582 1074 Sagiense
608 1008 793 1073 asylum
816 1006 1088 1065 secedebat,
1118 1006 1278 1073 ibique
1303 1026 1383 1055 sex
1406 1009 1480 1055 vel
1504 1019 1616 1055 octo
1643 1008 1786 1073 septi-

362 1088 514 1134 manis
538 1085 784 1133 habitabat
800 1122 814 1143 ,
842 1096 889 1133 et
914 1086 963 1132 in
988 1103 1100 1150 pace
1125 1103 1243 1150 opus
1267 1087 1352 1133 Dei
1376 1085 1601 1144 faciebat,
1630 1086 1784 1134 homi-

364 1182 578 1229 numque
599 1164 799 1211 salutem
823 1181 911 1228 pro
935 1181 1070 1228 posse
1094 1181 1180 1211 suo
1205 1163 1459 1229 diligenter
1476 1164 1781 1229 procurabat.

363 1243 439 1289 Sic
461 1242 738 1307 expectabat
762 1241 1144 1289 emendationem
1169 1242 1504 1290 contumeliosi
1526 1243 1713 1300 fratris,
1741 1253 1787 1290 et

366 1319 594 1386 implebat
626 1320 829 1385 apostoli
863 1332 1162 1385 praeceptum
1196 1320 1397 1370 dicentis
1425 1342 1435 1368 ε
1467 1322 1596 1369 Date
1628 1322 1787 1369 locam

330 1456 333 1459 Ι
366 1401 449 1447 iroe
485 1399 571 1463 (ι).
614 1398 705 1446 Sed
753 1409 1007 1464 postquam
1050 1415 1301 1446 rancorem
1343 1409 1390 1446 et
1431 1398 1644 1445 scandala
1686 1416 1787 1446 non

364 1477 595 1533 deficere,
642 1476 720 1523 sed
760 1477 907 1541 magis
954 1476 1010 1523 ad
1053 1475 1338 1523 detrimenta
1378 1476 1586 1523 fratrum
1627 1477 1787 1540 augeri

365 1555 630 1620 perspexit,
655 1554 917 1602 Willermo
942 1554 1049 1600 duci
1077 1554 1473 1603 Normannorum
1504 1555 1790 1619 pastoralem

366 1631 590 1679 baculum
615 1649 724 1678 cum
747 1642 845 1679 tota
871 1630 1056 1678 abbatia
1079 1632 1274 1679 reddere
1299 1633 1468 1680 voluit.
1496 1634 1607 1679 Dux
1631 1643 1791 1680 autem

369 1709 518 1774 sagaci
545 1727 655 1754 usus
686 1708 916 1764 consilio,
950 1726 1145 1756 omnem
1170 1708 1309 1775 hujus
1335 1710 1403 1756 rei
1433 1708 1791 1758 ordinationem

371 1787 581 1851 injunxit
611 1786 833 1833 Maurilio
866 1787 1290 1852 Rotomagensium
1321 1787 1701 1852 archiepiscopo,
1737 1797 1792 1833 ut

371 1883 556 1912 causam
581 1865 887 1913 dissentionis
912 1865 1113 1914 sollicite
1139 1865 1406 1931 indagaret,
1436 1876 1483 1913 et
1505 1865 1622 1931 quid
1645 1883 1793 1930 agen-

369 1943 486 1991 dum
509 1954 628 1991 esset
651 1961 760 1989 cum
784 1944 987 1991 consilio
1011 1945 1279 2008 sapientum
1301 1956 1429 1991 recte
1452 1943 1690 1991 definiret.

438 2023 586 2067 Anno
635 2021 793 2085 itaque
843 2020 1098 2068 dominicae
1146 2023 1486 2070 incarnationis
1532 2029 1665 2068 MLV1⁰
1715 2021 1792 2067 in-

372 2098 487 2145 dict.
515 2106 622 2145 vma
646 2097 883 2145 residente
918 2099 966 2145 in
998 2098 1103 2146 sedc
1133 2101 1390 2164 apostolica
1415 2100 1610 2146 Victore
1643 2117 1787 2162 papa,

373 2177 604 2223 Henricus
626 2186 948 2240 cognomento
968 2181 1127 2224 Bonus
1149 2179 1413 2242 Imperator
1433 2178 1787 2232 Romanorum,

374 2255 499 2302 filius
517 2254 728 2301 Cononis
748 2254 1064 2318 imperatoriS,
1088 2255 1228 2312 obiit,
1250 2256 1389 2319 eique
1409 2254 1642 2301 Henricus
1666 2252 1791 2300 filius

374 2335 472 2398 ejus
519 2332 738 2379 successit
786 2342 834 2379 et
878 2333 1012 2378 annis
1054 2333 1397 2397 quinquaginta
1440 2333 1654 2397 regnavit
1693 2331 1788 2395 (2).

373 2410 551 2459 Eodem
586 2428 713 2458 anno
745 2409 994 2457 Maurilius
1030 2411 1303 2475 episcopus,
1340 2420 1386 2458 et
1419 2408 1672 2457 Fulbertus
1710 2426 1791 2456 so-

424 2622 473 2666 (1)
490 2622 598 2656 Rom.
620 2634 689 2665 x11,
716 2634 767 2669 ¹9·

423 2682 473 2725 (Ἃ)
495 2682 611 2715 Henri
633 2683 687 2715 ΙΙΙ
701 2710 709 2725 ,
733 2681 786 2716 fils
806 2681 850 2715 de
869 2680 1017 2716 Conrad
1033 2688 1068 2715 et
1090 2693 1163 2715 non
1184 2681 1228 2715 de
1244 2681 1389 2723 Conon,
1417 2686 1566 2714 mourut
1591 2691 1635 2712 en
1655 2678 1737 2713 cffet
1757 2678 1790 2712 le

378 2740 396 2775 5
417 2739 566 2773 octobre
601 2738 697 2773 1056.
720 2741 791 2775 Son
817 2739 869 2773 fils
883 2768 891 2782 ,
912 2740 1027 2774 Henri
1051 2741 1103 2775 {V
1117 2769 1124 2781 ‚
1155 2741 1203 2776 lui
1232 2741 1380 2775 succeda
1402 2740 1432 2773 le
1452 2739 1568 2773 meme
1584 2738 1668 2782 joui·
1687 2745 1722 2772 ot
1745 2750 1789 2771 ne
