1951 3194
547 234 700 273 LIBER
730 233 970 282 QUINTUS.
1389 234 1467 275 445

65 313 197 361 nachi
229 331 373 377 usque
408 314 545 362 hodie
569 324 954 378 permanserunt,
985 323 1032 359 et
1057 314 1104 359 in
1141 313 1270 360 cultu
1301 313 1465 361 divino

63 391 138 454 pie
157 389 505 437 laboraverunt.

128 469 292 514 Petrus
303 479 476 525 autem,
498 468 768 514 Manliensis
780 467 935 525 herus,
951 484 1098 530 usque
1109 467 1166 513 ad
1177 478 1466 516 senectutem

64 546 200 601 vixit,
222 556 268 592 et
283 563 355 591 res
375 545 697 603 ecclesiastica,
717 544 1000 609 Manliaeque
1019 545 1259 608 popularis
1279 548 1467 606 concio,²

65 622 251 686 dapsilis
265 624 451 686 patroni
473 622 649 681 studio,
673 621 919 668 commode
939 622 1103 669 crevit.
1126 623 1165 668 A
1186 622 1404 687 subjectis
1424 637 1470 671 et

67 699 231 744 vicinis
258 698 379 744 idem
398 698 603 744 multum
629 697 890 754 amabatur,
914 699 1023 761 quia
1048 699 1347 762 simplicitate
1371 719 1470 747 mam

67 776 135 839 gis
173 791 314 838 quam
354 773 480 819 vafra
517 773 767 820 calliditate
807 773 1093 819 armabatur.
1141 776 1472 839 Eleemosynas

68 851 250 898 amabat
280 861 324 898 et
354 850 629 915 frequenter
654 850 878 907 faciebat,
907 851 984 897 sed
1002 853 1180 915 jejunia
1207 854 1469 911 metuebat,

69 941 115 977 et
130 940 361 994 quantum
379 939 581 991 poterat,
604 928 863 976 abhorrens
881 947 904 974 a
925 947 970 975 se
990 930 1155 992 procul
1176 931 1468 980 excludebat„

69 1005 215 1052 Multa
237 1004 371 1051 facile
395 1004 728 1068 promittebat,
758 1015 804 1052 et
821 1005 1058 1069 praecipua
1078 1006 1156 1051 vili
1181 1009 1335 1070 pretio
1358 1028 1474 1056 nonw

68 1100 314 1147 nunquam
330 1081 632 1129 distrahebat.
656 1082 862 1146 Cupidus
883 1083 1022 1128 simul
1041 1094 1140 1129 erat
1159 1101 1211 1130 ac
1230 1086 1471 1151 prodigus.

70 1159 178 1206 Non
212 1158 404 1205 curabat
432 1160 557 1207 unde
582 1159 669 1205 sibi
700 1161 902 1224 copiosae
930 1159 1067 1223 dapes
1099 1175 1473 1225 apponerentur,

73 1254 157 1283 nec
181 1235 468 1300 praevidebat
495 1246 656 1282 utrum
686 1236 743 1282 de
766 1237 927 1300 rapina
953 1254 1033 1283 seu
1062 1237 1119 1283 de
1139 1240 1266 1302 justo
1291 1252 1472 1304 quaestu

71 1314 341 1361 necessariae
372 1331 481 1377 opes
515 1314 867 1370 conferrentur,
905 1332 1188 1379 rursumque
1221 1318 1475 1381 parvipenw

72 1389 211 1437 debat
237 1391 309 1436 cui
325 1425 337 1446 ,
359 1407 660 1454 quocumque
679 1390 822 1437 modo
840 1400 987 1454 partae
1001 1426 1014 1447 ,
1035 1408 1107 1437 res
1129 1392 1475 1456 ingererentur,

73 1468 328 1532 Nunquam
362 1485 474 1533 ergo
507 1467 683 1513 divitiis
718 1467 990 1515 abundavit.
1026 1468 1113 1514 Hic
1149 1487 1204 1516 ex
1241 1469 1480 1519 Guindes-

75 1544 210 1590 moth
267 1561 414 1591 uxore
467 1562 544 1590 sua
597 1554 803 1608 quatuor
851 1543 1016 1590 habuit
1068 1544 1190 1592 filios
1239 1567 1248 1591 :
1305 1548 1481 1595 Ansol—

74 1622 212 1677 dum,
244 1620 564 1677 Tedbaldum,
596 1621 858 1668 Guarinum
897 1631 942 1667 et
976 1620 1317 1682 Guillelmum3
1361 1629 1481 1673 toti-

75 1698 275 1761 demque
304 1697 419 1743 filias
448 1719 456 1743 z
493 1697 800 1755 Hubelinam,
831 1698 1202 1764 Erembmgem,
1238 1702 1481 1751 Odelinam

76 1787 123 1823 et
143 1776 446 1823 Herseudem.
471 1777 543 1822 Ex
568 1776 638 1822 his
659 1777 884 1822 nimirum
909 1778 1040 1841 copia
1062 1779 1312 1841 pullulavit
1333 1800 1483 1847 nepo-2

79 1865 204 1909 tum,
231 1854 311 1916 qui
337 1853 650 1899 discurrentes
679 1853 945 1899 instabilem
969 1853 1191 1900 volubilis
1215 1858 1369 1903 saeculi
1401 1877 1483 1906 ro·-

80 1940 251 1986 tatum,
273 1929 569 1993 dispensante
586 1931 710 1988 Deo,
731 1946 828 1993 quo
846 1941 1077 1993 reguntur
1095 1933 1252 1978 omnia
1265 1969 1278 1990 ,
1300 1936 1483 1982 varium

79 2008 327 2054 subierunt
359 2017 597 2054 eventum.
630 2007 838 2054 Tandem
876 2008 1040 2054 Petrus
1078 2010 1208 2057 senio
1242 2011 1485 2060 consectus

83 2094 136 2131 ιιΟ
160 2085 260 2131 idus
278 2085 479 2147 januarii
502 2083 623 2133 obiit
639 2120 653 2143 ,
676 2095 721 2130 et
752 2085 798 2130 in
826 2084 1029 2131 claustro
1048 2087 1392 2135 monachorum
1416 2094 1485 2153 (ι)

82 2181 209 2210 secus
247 2162 494 2208 australem
526 2160 726 2207 basilicae
763 2166 1009 2208 maceriam
1045 2165 1252 2228 sepultus
1282 2170 1486 2233 requies-

84 2240 162 2285 cit.
195 2237 498 2302 Epitaphium
523 2248 679 2284 autem
703 2236 968 2300 hujusmodi
987 2238 1224 2288 Johannes
1245 2243 1485 2292 Remensis

85 2333 223 2378 super
250 2315 382 2360 ilium
409 2314 553 2360 edidit
576 2335 584 2358 :

268 2423 351 2456 Post
371 2434 483 2457 annos
498 2424 580 2468 agni
601 2430 746 2458 centuni
767 2437 849 2459 cum
869 2425 966 2460 mille
983 2428 1128 2472 superni
1143 2455 1151 2468 ‚

88 2606 132 2640 de
149 2607 287 2640 reservo
304 2617 360 2639 ces
383 2605 463 2640 faits
481 2606 645 2653 d'e'glises
665 2608 945 2654 completcment
964 2611 1079 2643 rasccs
1099 2621 1143 2643 au
1166 2622 1292 2657 moyen
1313 2614 1377 2661 age
1396 2630 1487 2663 poui-

89 2665 175 2698 saire
192 2664 290 2710 place
311 2666 328 2697 a
348 2663 505 2698 d'antres
518 2693 525 2705 ‚
547 2672 689 2700 surtout
707 2665 795 2699 dans
814 2666 863 2700 les
881 2674 925 2700 me
943 2674 979 2701 et
998 2675 1056 2699 Χικἶ
1077 2667 1210 2702 εἰίὮΙρς

134 2723 182 2768 (1)
208 2723 237 2757 Il
263 2723 409 2757 n'cxistc
427 2722 507 2769 plus
526 2735 664 2759 aucune
682 2732 776 2759 iracc
796 2725 839 2759 (le
860 2738 899 2760 cc
918 2726 1054 2760 cloitrc,
