1951 3194
584 249 738 288 LIBER
766 247 1021 297 QUARTUS.
1437 249 1508 283 201

101 331 442 398 quinquaginta
467 347 543 376 sex
562 329 697 375 annis
720 326 977 374 custodivit
992 326 1061 389 (ι)
1076 361 1089 382 ,
1111 323 1286 389 quibus
1302 324 1513 388 regimen

102 412 149 458 in
165 410 340 456 ducatu
360 408 673 455 Normanniae
692 424 771 454 seu
788 422 937 470 regno
952 404 1137 469 Angliae
1155 403 1326 460 tenuit,
1344 413 1390 450 et
1408 403 1516 449 inde

99 488 374 553 religiosum
408 502 592 533 morem
626 495 673 532 et
702 483 973 547 exemplum
1007 482 1208 546 posteris
1242 480 1513 545 dereliquit.

101 565 418 612 Simoniacam
445 562 662 609 haeresim
684 559 974 609 omnimodis
1000 558 1314 615 abhorrebat,
1343 567 1389 605 et
1411 556 1516 603 ideo

102 645 150 690 in
175 642 399 707 eligendis
427 639 676 687 abbatibus
697 639 769 686 vel
794 638 1024 702 episcopis
1049 654 1147 684 non
1176 646 1271 682 tam
1295 653 1406 700 opes
1436 651 1515 681 seu

100 721 389 786 potentiam,
423 736 564 783 quam
589 717 886 763 sanctitatem
913 726 958 762 et
985 715 1265 778 sapientiam
1288 731 1518 778 persona-

100 815 209 844 rum
236 794 577 844 considerabat.
615 793 841 842 Probatas
876 794 1054 839 virtute
1085 809 1308 856 personas
1344 809 1518 838 coeno-

102 875 190 921 biis
213 875 396 938 Angliae
419 873 662 937 praefecit3
692 888 901 937 quorum
923 870 1080 916 studio
1104 880 1150 916 et
1172 870 1331 933 rigore
1354 886 1520 915 mona-

103 951 263 998 chatus
300 951 408 1015 (qui
432 952 532 1014 jam
566 948 918 1014 aliquantulum
956 947 1201 1012 tepuerat)
1238 947 1434 1002 revixit3
1473 955 1521 991 et

101 1029 182 1093 qui
206 1028 426 1075 defecisse
449 1026 717 1083 videbatur,
743 1025 800 1072 ad
828 1026 1084 1090 pristinum
1113 1024 1266 1072 robur
1291 1024 1514 1070 surrexit.

168 1106 450 1170 [QG-870]
475 1104 765 1169 Augustinus
787 1104 914 1151 enim
932 1113 977 1150 et
998 1104 1280 1150 Laurentius
1299 1103 1393 1165 (2),
1419 1101 1519 1148 alii-

103 1201 195 1247 que
210 1184 353 1247 primi
373 1183 706 1247 praedicatores
720 1182 985 1246 Anglorum
999 1180 1220 1228 monachi
1239 1181 1452 1237 fuerunt,
1473 1191 1519 1226 et

104 1262 151 1306 in
179 1261 426 1325 episcopiis
450 1261 544 1306 suis
570 1261 668 1306 vice
695 1260 1038 1307 canonicorum
1064 1259 1218 1323 (quod
1236 1259 1313 1304 vix
1337 1259 1383 1304 in
1418 1258 1519 1304 aliis

104 1338 242 1384 terris
268 1338 541 1401 invenitur)
566 1337 824 1385 monachos
845 1338 919 1402 pie
944 1337 1315 1383 constituerunt.
1343 1335 1521 1382 Coeno-

104 1414 178 1460 hia
215 1415 363 1460 multa
401 1425 448 1462 et
492 1415 715 1479 praeclara
757 1425 1156 1470 construxerunt,
1200 1424 1246 1460 et
1281 1413 1519 1460 conversis

105 1493 320 1539 instituta
372 1492 602 1556 regularia
641 1491 797 1539 verbis
842 1503 888 1539 et
936 1491 1160 1555 exemplis
1200 1491 1518 1537 tradiderunt.

105 1570 354 1634 Magnifice
384 1571 530 1634 igitur
552 1569 833 1617 monachilis
860 1569 979 1617 ordo
1004 1570 1108 1633 plus
1131 1586 1272 1634 quam
1305 1568 1521 1614 ducentis

105 1649 240 1693 annis
277 1649 325 1694 in
365 1648 533 1713 Anglia
569 1647 762 1705 floruit,
800 1659 847 1695 et
881 1646 1146 1694 Christiana
1186 1647 1353 1711 religio
1391 1664 1520 1709 reges

106 1725 373 1790 Anglorum
415 1725 725 1773 Edelbertum
762 1736 809 1773 et
847 1726 1119 1782 Eduinurn,
1164 1725 1434 1774 oswaldum
1476 1735 1522 1771 et

106 1800 264 1847 Ossam
279 1840 290 1861 ,
319 1803 528 1866 aliosque
546 1802 703 1866 plures
721 1802 925 1849 feliciter
944 1802 1182 1858 coercuit,
1208 1812 1256 1848 et
1270 1800 1523 1847 salubriter

105 1880 154 1924 in
169 1891 385 1925 montem
401 1880 636 1925 virtutum
656 1880 869 1936 sustulit3
886 1880 1038 1926 donec
1055 1878 1336 1925 Edmundus
1353 1879 1522 1924 Estan-

104 1956 295 2020 glorum
324 1974 405 2003 rex
440 1975 548 2002 cum
583 1958 683 2003 aliis
716 1957 904 2004 duobus
935 1957 1120 2021 Angliae
1155 1956 1348 2022 regibus
1379 1974 1522 2020 paga-

106 2050 280 2079 norum
321 2032 478 2096 gladio
515 2044 700 2098 martyr
733 2033 961 2080 occubuit
1004 2034 1098 2098 (5).
1143 2035 1282 2080 Tunc
1327 2032 1520 2080 Ethnici

153 2221 203 2265 (ι)
228 2220 279 2255 Ce
297 2219 425 2254 chiffre
443 2226 497 2254 est
514 2219 703 2267 beaucoup
720 2227 803 2267 trop
822 2220 932 2255 eleve.
949 2220 1107 2256 D’abord
1126 2220 1337 2256 Guillaume
1354 2220 1411 2254 n’a
1431 2232 1521 2266 gon-

108 2281 216 2314 verne
238 2278 272 2313 la
296 2279 520 2313 Normandie
538 2292 609 2327 que
632 2280 941 2328 cinquante-deux
967 2292 1049 2324 ans,
1070 2287 1107 2315 et
1133 2280 1158 2315 il
1181 2280 1272 2314 n⁷est
1287 2291 1349 2326 pas
1367 2278 1522 2325 possible

109 2339 198 2386 qu'il
215 2339 265 2372 ait
284 2341 434 2385 apporte'
454 2338 518 2373 des
534 2339 626 2386 l'age
650 2340 695 2374 de
714 2341 799 2375 huit
823 2353 886 2375 ans
906 2347 984 2375 tant
1006 2340 1051 2375 (le
1070 2341 1150 2375 soin
1169 2341 1257 2374 dans
1277 2340 1309 2375 le
1335 2339 1441 2373 choix
1459 2338 1522 2372 des

109 2398 261 2444 eveques
278 2403 313 2430 et
330 2396 393 2430 des
410 2397 530 2432 abbe's.

157 2458 206 2502 (2)
231 2457 300 2491 Ces
327 2457 596 2491 missionnaires
608 2485 616 2500 ‚
633 2460 786 2504 envoyes
804 2471 869 2505 par
888 2459 982 2493 saint
999 2456 1387 2505 Gregoirc—le—Grand
1400 2485 1409 2499 ,
1430 2457 1519 2490 arri—

112 2518 234 2550 viwent
251 2528 296 2549 en
312 2515 528 2561 Angleterre
550 2528 595 2549 en
613 2514 693 2563 596.
713 2518 895 2563 Augustin
913 2524 947 2551 et
967 2518 1123 2551 Laurent
1142 2516 1363 2561 occuperent
1379 2527 1517 2549 succes—

113 2577 288 2609 sivement
307 2574 338 2608 lc
354 2575 450 2620 siege
470 2575 653 2620 primatial
672 2576 717 2610 de
736 2576 978 2621 Canterbury.

159 2633 207 2679 (3)
236 2635 280 2668 Le
300 2641 461 2668 ineurtre
478 2633 522 2668 de
546 2635 639 2668 saint
659 2634 826 2669 Edmond
849 2642 912 2669 eut
936 2635 1007 2669 lieu
1027 2635 1058 2669 le
1082 2647 1124 2668 20
1145 2635 1340 2669 novembre
1360 2634 1439 2681 870.
1459 2635 1524 2668 Les

114 2692 206 2727 deux
225 2700 343 2727 auti-cs
364 2692 434 2726 rois
454 2692 626 2739 auxqucls
650 2693 674 2726 il
696 2700 748 2727 est
770 2694 833 2727 fait
858 2693 1012 2728 allusion
1036 2694 1080 2727 ici
1101 2700 1182 2727 sont
1201 2694 1336 2728 Osbert
1354 2700 1388 2727 et
1404 2693 1494 2727 JElla
1509 2720 1518 2735 ‚

115 2754 372 2799 compclilvurs
392 2765 433 2785 an
451 2752 552 2786 trono
572 2752 615 2786 (lc
636 2753 664 2787 la
687 2754 966 2793 Nortlmmbriv,
988 2756 1064 2788 iubs
1086 2753 1216 2799 parles
1235 2754 1521 2788 vunnim-:1866-
