<?xml version="1.0" encoding="UTF-8"?>
<!DOCTYPE html PUBLIC "-//W3C//DTD XHTML 1.0 Transitional//EN"
    "http://www.w3.org/TR/xhtml1/DTD/xhtml1-transitional.dtd">
<html xmlns="http://www.w3.org/1999/xhtml" xml:lang="en" lang="en">
 <head>
  <title>
</title>
<meta http-equiv="Content-Type" content="text/html;charset=utf-8" />
  <meta name='ocr-system' content='tesseract 3.04.00' />
  <meta name='ocr-capabilities' content='ocr_page ocr_carea ocr_par ocr_line ocrx_word'/>
</head>
<body>
  <div class='ocr_page' id='page_1' title='image "./ordericivitalish02ordeuoft/ordericivitalish02ordeuoft_0102.png"; bbox 0 0 1951 3194; ppageno 0'>
   <div class='ocr_carea' id='block_1_1' title="bbox 328 269 1732 322">
    <p class='ocr_par' dir='ltr' id='par_1_1' title="bbox 328 269 1732 322">
     <span class='ocr_line' id='line_1_1' title="bbox 328 269 1732 322; baseline -0.003 -10"><span class='ocrx_word' id='word_1_1' title='bbox 328 275 378 312; x_wconf 76' lang='lat'>76</span> <span class='ocrx_word' id='word_1_2' title='bbox 692 272 933 311; x_wconf 84' lang='lat' dir='ltr'><strong>HISTORIA</strong></span> <span class='ocrx_word' id='word_1_3' title='bbox 964 269 1364 310; x_wconf 88' lang='lat' dir='ltr'><strong>ECCLESIASTICA.</strong></span> <span class='ocrx_word' id='word_1_4' title='bbox 1460 272 1732 322; x_wconf 80' lang='lat'>[1059-1061]</span> 
     </span>
    </p>
   </div>
   <div class='ocr_carea' id='block_1_2' title="bbox 327 349 1767 2356">
    <p class='ocr_par' dir='ltr' id='par_1_2' title="bbox 327 349 1740 725">
     <span class='ocr_line' id='line_1_2' title="bbox 327 349 1736 415; baseline -0.002 -17"><span class='ocrx_word' id='word_1_5' title='bbox 327 363 375 398; x_wconf 91' lang='lat' dir='ltr'>et</span> <span class='ocrx_word' id='word_1_6' title='bbox 393 352 620 399; x_wconf 83' lang='lat' dir='ltr'>Ricardus</span> <span class='ocrx_word' id='word_1_7' title='bbox 637 352 694 398; x_wconf 86' lang='lat' dir='ltr'>de</span> <span class='ocrx_word' id='word_1_8' title='bbox 718 350 992 399; x_wconf 86' lang='lat' dir='ltr'>Nova-Villa</span> <span class='ocrx_word' id='word_1_9' title='bbox 1007 386 1019 407; x_wconf 90' lang='lat'><strong><em>,</em></strong></span> <span class='ocrx_word' id='word_1_10' title='bbox 1045 349 1285 396; x_wconf 85' lang='lat' dir='ltr'>Baldricus</span> <span class='ocrx_word' id='word_1_11' title='bbox 1310 350 1367 397; x_wconf 93' lang='lat' dir='ltr'>de</span> <span class='ocrx_word' id='word_1_12' title='bbox 1391 350 1664 415; x_wconf 81' lang='lat' dir='ltr'>Balgenzaio</span> <span class='ocrx_word' id='word_1_13' title='bbox 1688 360 1736 396; x_wconf 88' lang='lat' dir='ltr'>et</span> 
     </span>
     <span class='ocr_line' id='line_1_3' title="bbox 330 426 1737 493; baseline -0.002 -19"><span class='ocrx_word' id='word_1_14' title='bbox 330 429 575 493; x_wconf 81' lang='lat' dir='ltr'>Wigerius</span> <span class='ocrx_word' id='word_1_15' title='bbox 601 427 868 491; x_wconf 85' lang='lat' dir='ltr'>Apuliensis</span> <span class='ocrx_word' id='word_1_16' title='bbox 893 427 980 491; x_wconf 80' lang='grc' dir='ltr'>(ι).</span> <span class='ocrx_word' id='word_1_17' title='bbox 1016 427 1071 473; x_wconf 86' lang='lat' dir='ltr'>Hi</span> <span class='ocrx_word' id='word_1_18' title='bbox 1099 427 1328 473; x_wconf 89' lang='lat' dir='ltr'>nimirum</span> <span class='ocrx_word' id='word_1_19' title='bbox 1353 427 1440 474; x_wconf 91' lang='lat' dir='ltr'>sub</span> <span class='ocrx_word' id='word_1_20' title='bbox 1463 427 1580 474; x_wconf 84' lang='lat' dir='ltr'>duce</span> <span class='ocrx_word' id='word_1_21' title='bbox 1603 426 1737 473; x_wconf 89' lang='lat' dir='ltr'>Wil—</span> 
     </span>
     <span class='ocr_line' id='line_1_4' title="bbox 331 502 1738 569; baseline -0.001 -19"><span class='ocrx_word' id='word_1_22' title='bbox 331 505 482 552; x_wconf 88' lang='lat' dir='ltr'>lermo</span> <span class='ocrx_word' id='word_1_23' title='bbox 512 522 677 569; x_wconf 78' lang='lat' dir='ltr'>magna</span> <span class='ocrx_word' id='word_1_24' title='bbox 708 505 985 551; x_wconf 82' lang='lat' dir='ltr'>strenuitate</span> <span class='ocrx_word' id='word_1_25' title='bbox 1015 505 1293 569; x_wconf 83' lang='lat' dir='ltr'>viguerunt,</span> <span class='ocrx_word' id='word_1_26' title='bbox 1326 504 1582 569; x_wconf 84' lang='lat' dir='ltr'>multisque</span> <span class='ocrx_word' id='word_1_27' title='bbox 1612 502 1738 549; x_wconf 86' lang='lat' dir='ltr'>divi-</span> 
     </span>
     <span class='ocr_line' id='line_1_5' title="bbox 335 580 1740 637; baseline -0.001 -10"><span class='ocrx_word' id='word_1_28' title='bbox 335 583 408 628; x_wconf 86' lang='lat' dir='ltr'>tiis</span> <span class='ocrx_word' id='word_1_29' title='bbox 442 593 488 629; x_wconf 90' lang='lat' dir='ltr'>et</span> <span class='ocrx_word' id='word_1_30' title='bbox 522 581 784 629; x_wconf 85' lang='lat' dir='ltr'>honoribus</span> <span class='ocrx_word' id='word_1_31' title='bbox 811 581 869 628; x_wconf 90' lang='lat' dir='ltr'>ab</span> <span class='ocrx_word' id='word_1_32' title='bbox 898 599 954 629; x_wconf 93' lang='lat' dir='ltr'>eo</span> <span class='ocrx_word' id='word_1_33' title='bbox 981 581 1116 628; x_wconf 80' lang='lat' dir='ltr'>ditati</span> <span class='ocrx_word' id='word_1_34' title='bbox 1148 583 1368 637; x_wconf 86' lang='lat' dir='ltr'>fuerunt,</span> <span class='ocrx_word' id='word_1_35' title='bbox 1398 591 1445 628; x_wconf 87' lang='lat' dir='ltr'>et</span> <span class='ocrx_word' id='word_1_36' title='bbox 1475 580 1740 628; x_wconf 82' lang='lat' dir='ltr'>haeredibus</span> 
     </span>
     <span class='ocr_line' id='line_1_6' title="bbox 333 659 1737 725; baseline -0.001 -19"><span class='ocrx_word' id='word_1_37' title='bbox 333 661 426 706; x_wconf 90' lang='lat' dir='ltr'>suis</span> <span class='ocrx_word' id='word_1_38' title='bbox 460 660 635 725; x_wconf 89' lang='lat' dir='ltr'>amplas</span> <span class='ocrx_word' id='word_1_39' title='bbox 673 662 985 725; x_wconf 89' lang='lat' dir='ltr'>possessiones</span> <span class='ocrx_word' id='word_1_40' title='bbox 1020 661 1068 707; x_wconf 95' lang='lat' dir='ltr'>in</span> <span class='ocrx_word' id='word_1_41' title='bbox 1106 660 1398 708; x_wconf 83' lang='lat' dir='ltr'>Normannia</span> <span class='ocrx_word' id='word_1_42' title='bbox 1438 659 1737 705; x_wconf 81' lang='lat' dir='ltr'>dimiserunt.</span> 
     </span>
    </p>

    <p class='ocr_par' dir='ltr' id='par_1_3' title="bbox 333 737 1767 2356">
     <span class='ocr_line' id='line_1_7' title="bbox 396 737 1743 805; baseline 0 -21"><span class='ocrx_word' id='word_1_43' title='bbox 396 739 633 785; x_wconf 87' lang='lat' dir='ltr'>Baldricus</span> <span class='ocrx_word' id='word_1_44' title='bbox 645 776 658 797; x_wconf 91' lang='lat'><em>‚</em></span> <span class='ocrx_word' id='word_1_45' title='bbox 680 740 760 804; x_wconf 85' lang='lat' dir='ltr'>qui</span> <span class='ocrx_word' id='word_1_46' title='bbox 783 738 1017 786; x_wconf 80' lang='lat' dir='ltr'>honorem</span> <span class='ocrx_word' id='word_1_47' title='bbox 1034 739 1091 787; x_wconf 86' lang='lat' dir='ltr'>de</span> <span class='ocrx_word' id='word_1_48' title='bbox 1109 740 1383 805; x_wconf 80' lang='lat' dir='ltr'>Balgenzaio</span> <span class='ocrx_word' id='word_1_49' title='bbox 1401 756 1510 784; x_wconf 88' lang='lat' dir='ltr'>cum</span> <span class='ocrx_word' id='word_1_50' title='bbox 1524 737 1743 802; x_wconf 82' lang='lat' dir='ltr'>Wigerio</span> 
     </span>
     <span class='ocr_line' id='line_1_8' title="bbox 333 814 1744 880; baseline 0 -19"><span class='ocrx_word' id='word_1_51' title='bbox 333 815 480 863; x_wconf 85' lang='lat' dir='ltr'>fratre</span> <span class='ocrx_word' id='word_1_52' title='bbox 503 834 588 863; x_wconf 90' lang='lat' dir='ltr'>suo</span> <span class='ocrx_word' id='word_1_53' title='bbox 611 817 840 880; x_wconf 84' lang='lat' dir='ltr'>possedit,</span> <span class='ocrx_word' id='word_1_54' title='bbox 868 817 1112 865; x_wconf 79' lang='lat' dir='ltr'>Elizabeth</span> <span class='ocrx_word' id='word_1_55' title='bbox 1143 835 1356 865; x_wconf 89' lang='lat' dir='ltr'>sororem</span> <span class='ocrx_word' id='word_1_56' title='bbox 1390 835 1520 863; x_wconf 86' lang='lat' dir='ltr'>suam</span> <span class='ocrx_word' id='word_1_57' title='bbox 1543 814 1744 862; x_wconf 90' lang='lat' dir='ltr'>Fulconi</span> 
     </span>
     <span class='ocr_line' id='line_1_9' title="bbox 334 891 1742 959; baseline -0.001 -21"><span class='ocrx_word' id='word_1_58' title='bbox 334 891 390 939; x_wconf 91' lang='lat' dir='ltr'>de</span> <span class='ocrx_word' id='word_1_59' title='bbox 413 893 707 942; x_wconf 79' lang='lat' dir='ltr'>Bona-Valle</span> <span class='ocrx_word' id='word_1_60' title='bbox 729 895 796 958; x_wconf 75' lang='lat'>(2)</span> <span class='ocrx_word' id='word_1_61' title='bbox 824 906 1019 942; x_wconf 89' lang='lat' dir='ltr'>strenuo</span> <span class='ocrx_word' id='word_1_62' title='bbox 1042 895 1183 941; x_wconf 87' lang='lat' dir='ltr'>militi</span> <span class='ocrx_word' id='word_1_63' title='bbox 1212 895 1259 941; x_wconf 83' lang='lat' dir='ltr'>in</span> <span class='ocrx_word' id='word_1_64' title='bbox 1288 895 1561 959; x_wconf 81' lang='lat' dir='ltr'>conjugium</span> <span class='ocrx_word' id='word_1_65' title='bbox 1585 892 1742 949; x_wconf 83' lang='lat' dir='ltr'>dedit,</span> 
     </span>
     <span class='ocr_line' id='line_1_10' title="bbox 336 970 1747 1038; baseline 0 -22"><span class='ocrx_word' id='word_1_66' title='bbox 336 980 384 1016; x_wconf 89' lang='lat' dir='ltr'>et</span> <span class='ocrx_word' id='word_1_67' title='bbox 410 970 650 1017; x_wconf 85' lang='lat' dir='ltr'>ecclesiam</span> <span class='ocrx_word' id='word_1_68' title='bbox 672 972 830 1018; x_wconf 82' lang='lat' dir='ltr'>Sancti</span> <span class='ocrx_word' id='word_1_69' title='bbox 858 973 1037 1020; x_wconf 82' lang='lat' dir='ltr'>Nicolai</span> <span class='ocrx_word' id='word_1_70' title='bbox 1057 973 1155 1037; x_wconf 80' lang='lat'>(5),</span> <span class='ocrx_word' id='word_1_71' title='bbox 1178 991 1320 1038; x_wconf 87' lang='lat' dir='ltr'>quam</span> <span class='ocrx_word' id='word_1_72' title='bbox 1342 982 1475 1037; x_wconf 83' lang='lat' dir='ltr'>pater</span> <span class='ocrx_word' id='word_1_73' title='bbox 1495 989 1605 1017; x_wconf 90' lang='lat' dir='ltr'>suus</span> <span class='ocrx_word' id='word_1_74' title='bbox 1629 987 1747 1017; x_wconf 84' lang='lat' dir='ltr'>con-</span> 
     </span>
     <span class='ocr_line' id='line_1_11' title="bbox 337 1048 1743 1115; baseline 0 -22"><span class='ocrx_word' id='word_1_75' title='bbox 337 1059 597 1105; x_wconf 81' lang='lat' dir='ltr'>struxerat,</span> <span class='ocrx_word' id='word_1_76' title='bbox 618 1066 727 1094; x_wconf 88' lang='lat' dir='ltr'>cum</span> <span class='ocrx_word' id='word_1_77' title='bbox 749 1049 976 1114; x_wconf 81' lang='lat' dir='ltr'>adjacenti</span> <span class='ocrx_word' id='word_1_78' title='bbox 1001 1051 1153 1098; x_wconf 84' lang='lat' dir='ltr'>fundo</span> <span class='ocrx_word' id='word_1_79' title='bbox 1178 1052 1225 1097; x_wconf 90' lang='lat' dir='ltr'>in</span> <span class='ocrx_word' id='word_1_80' title='bbox 1248 1051 1472 1115; x_wconf 82' lang='lat' dir='ltr'>mariagio</span> <span class='ocrx_word' id='word_1_81' title='bbox 1497 1048 1743 1096; x_wconf 84' lang='lat' dir='ltr'>concessit.</span> 
     </span>
     <span class='ocr_line' id='line_1_12' title="bbox 338 1125 1749 1192; baseline 0 -21"><span class='ocrx_word' id='word_1_82' title='bbox 338 1125 485 1173; x_wconf 90' lang='lat' dir='ltr'>Fulco</span> <span class='ocrx_word' id='word_1_83' title='bbox 530 1137 688 1173; x_wconf 87' lang='lat' dir='ltr'>autem</span> <span class='ocrx_word' id='word_1_84' title='bbox 729 1127 880 1174; x_wconf 86' lang='lat' dir='ltr'>futuri</span> <span class='ocrx_word' id='word_1_85' title='bbox 935 1129 1160 1192; x_wconf 85' lang='lat' dir='ltr'>temporis</span> <span class='ocrx_word' id='word_1_86' title='bbox 1205 1146 1391 1176; x_wconf 88' lang='lat' dir='ltr'>memor</span> <span class='ocrx_word' id='word_1_87' title='bbox 1434 1127 1749 1176; x_wconf 82' lang='lat' dir='ltr'>Teodericum</span> 
     </span>
     <span class='ocr_line' id='line_1_13' title="bbox 340 1203 1751 1269; baseline -0.001 -20"><span class='ocrx_word' id='word_1_88' title='bbox 340 1203 492 1249; x_wconf 88' lang='lat' dir='ltr'>filium</span> <span class='ocrx_word' id='word_1_89' title='bbox 522 1222 683 1261; x_wconf 86' lang='lat' dir='ltr'>suum,</span> <span class='ocrx_word' id='word_1_90' title='bbox 718 1224 860 1269; x_wconf 86' lang='lat' dir='ltr'>quem</span> <span class='ocrx_word' id='word_1_91' title='bbox 884 1206 1169 1253; x_wconf 88' lang='lat' dir='ltr'>Teodericus</span> <span class='ocrx_word' id='word_1_92' title='bbox 1197 1205 1337 1252; x_wconf 88' lang='lat' dir='ltr'>abbas</span> <span class='ocrx_word' id='word_1_93' title='bbox 1368 1206 1425 1252; x_wconf 90' lang='lat' dir='ltr'>de</span> <span class='ocrx_word' id='word_1_94' title='bbox 1456 1222 1587 1252; x_wconf 86' lang='lat' dir='ltr'>sacro</span> <span class='ocrx_word' id='word_1_95' title='bbox 1614 1203 1751 1250; x_wconf 89' lang='lat' dir='ltr'>fonte</span> 
     </span>
     <span class='ocr_line' id='line_1_14' title="bbox 340 1281 1751 1340; baseline -0.001 -13"><span class='ocrx_word' id='word_1_96' title='bbox 340 1282 596 1340; x_wconf 82' lang='lat' dir='ltr'>levaverat,</span> <span class='ocrx_word' id='word_1_97' title='bbox 634 1284 734 1331; x_wconf 86' lang='lat' dir='ltr'>Deo</span> <span class='ocrx_word' id='word_1_98' title='bbox 758 1284 815 1330; x_wconf 85' lang='lat' dir='ltr'>ad</span> <span class='ocrx_word' id='word_1_99' title='bbox 844 1283 1180 1331; x_wconf 82' lang='lat' dir='ltr'>monachatum</span> <span class='ocrx_word' id='word_1_100' title='bbox 1215 1285 1262 1331; x_wconf 86' lang='lat' dir='ltr'>in</span> <span class='ocrx_word' id='word_1_101' title='bbox 1291 1282 1518 1330; x_wconf 86' lang='lat' dir='ltr'>coenobio</span> <span class='ocrx_word' id='word_1_102' title='bbox 1540 1281 1751 1328; x_wconf 86' lang='lat' dir='ltr'>Uticensi</span> 
     </span>
     <span class='ocr_line' id='line_1_15' title="bbox 340 1357 1755 1425; baseline -0.002 -20"><span class='ocrx_word' id='word_1_103' title='bbox 340 1357 551 1414; x_wconf 79' lang='lat' dir='ltr'>obtulit,</span> <span class='ocrx_word' id='word_1_104' title='bbox 600 1360 848 1425; x_wconf 86' lang='lat' dir='ltr'>ipsumque</span> <span class='ocrx_word' id='word_1_105' title='bbox 890 1378 1092 1425; x_wconf 87' lang='lat' dir='ltr'>puerum</span> <span class='ocrx_word' id='word_1_106' title='bbox 1134 1372 1180 1408; x_wconf 87' lang='lat' dir='ltr'>et</span> <span class='ocrx_word' id='word_1_107' title='bbox 1218 1361 1466 1425; x_wconf 82' lang='lat' dir='ltr'>praefatam</span> <span class='ocrx_word' id='word_1_108' title='bbox 1513 1358 1755 1406; x_wconf 88' lang='lat' dir='ltr'>ecclesiam</span> 
     </span>
     <span class='ocr_line' id='line_1_16' title="bbox 343 1436 1756 1502; baseline -0.001 -20"><span class='ocrx_word' id='word_1_109' title='bbox 343 1436 502 1483; x_wconf 82' lang='lat' dir='ltr'>Sancti</span> <span class='ocrx_word' id='word_1_110' title='bbox 528 1438 709 1485; x_wconf 86' lang='lat' dir='ltr'>Nicolai</span> <span class='ocrx_word' id='word_1_111' title='bbox 737 1457 825 1501; x_wconf 88' lang='lat' dir='ltr'>pro</span> <span class='ocrx_word' id='word_1_112' title='bbox 853 1440 1008 1485; x_wconf 86' lang='lat' dir='ltr'>anima</span> <span class='ocrx_word' id='word_1_113' title='bbox 1036 1457 1141 1498; x_wconf 79' lang='lat' dir='ltr'>sua,</span> <span class='ocrx_word' id='word_1_114' title='bbox 1172 1439 1529 1502; x_wconf 84' lang='lat' dir='ltr'>amicorumque</span> <span class='ocrx_word' id='word_1_115' title='bbox 1559 1453 1756 1483; x_wconf 86' lang='lat' dir='ltr'>suorum</span> 
     </span>
     <span class='ocr_line' id='line_1_17' title="bbox 343 1512 1755 1578; baseline 0.001 -20"><span class='ocrx_word' id='word_1_116' title='bbox 343 1514 490 1560; x_wconf 85' lang='lat' dir='ltr'>salute</span> <span class='ocrx_word' id='word_1_117' title='bbox 517 1515 564 1560; x_wconf 86' lang='lat' dir='ltr'>in</span> <span class='ocrx_word' id='word_1_118' title='bbox 596 1516 845 1578; x_wconf 75' lang='lat' dir='ltr'>praesentia</span> <span class='ocrx_word' id='word_1_119' title='bbox 870 1515 1100 1563; x_wconf 79' lang='lat' dir='ltr'>Rodberti</span> <span class='ocrx_word' id='word_1_120' title='bbox 1134 1515 1315 1562; x_wconf 86' lang='lat' dir='ltr'>abbatis</span> <span class='ocrx_word' id='word_1_121' title='bbox 1347 1517 1519 1563; x_wconf 87' lang='lat' dir='ltr'>Sancto</span> <span class='ocrx_word' id='word_1_122' title='bbox 1551 1512 1755 1561; x_wconf 85' lang='lat' dir='ltr'>Ebrulfo</span> 
     </span>
     <span class='ocr_line' id='line_1_18' title="bbox 346 1589 1757 1657; baseline 0.001 -22"><span class='ocrx_word' id='word_1_123' title='bbox 346 1592 592 1637; x_wconf 89' lang='lat' dir='ltr'>concessit.</span> <span class='ocrx_word' id='word_1_124' title='bbox 628 1593 728 1638; x_wconf 91' lang='lat' dir='ltr'>Hoc</span> <span class='ocrx_word' id='word_1_125' title='bbox 759 1593 900 1639; x_wconf 87' lang='lat' dir='ltr'>etiam</span> <span class='ocrx_word' id='word_1_126' title='bbox 933 1593 1174 1639; x_wconf 85' lang='lat' dir='ltr'>Baldricus</span> <span class='ocrx_word' id='word_1_127' title='bbox 1203 1603 1249 1639; x_wconf 89' lang='lat' dir='ltr'>et</span> <span class='ocrx_word' id='word_1_128' title='bbox 1276 1593 1518 1657; x_wconf 81' lang='lat' dir='ltr'>VVigerius</span> <span class='ocrx_word' id='word_1_129' title='bbox 1552 1602 1598 1638; x_wconf 92' lang='lat' dir='ltr'>et</span> <span class='ocrx_word' id='word_1_130' title='bbox 1627 1589 1757 1638; x_wconf 89' lang='lat' dir='ltr'>Wil-</span> 
     </span>
     <span class='ocr_line' id='line_1_19' title="bbox 344 1667 1758 1735; baseline 0.001 -23"><span class='ocrx_word' id='word_1_131' title='bbox 344 1667 521 1713; x_wconf 84' lang='lat' dir='ltr'>lermus</span> <span class='ocrx_word' id='word_1_132' title='bbox 551 1668 608 1715; x_wconf 88' lang='lat' dir='ltr'>de</span> <span class='ocrx_word' id='word_1_133' title='bbox 641 1670 962 1728; x_wconf 86' lang='lat' dir='ltr'>Bona-Valle,</span> <span class='ocrx_word' id='word_1_134' title='bbox 997 1671 1169 1735; x_wconf 87' lang='lat' dir='ltr'>aliique</span> <span class='ocrx_word' id='word_1_135' title='bbox 1200 1682 1415 1734; x_wconf 83' lang='lat' dir='ltr'>parentes</span> <span class='ocrx_word' id='word_1_136' title='bbox 1451 1687 1616 1717; x_wconf 88' lang='lat' dir='ltr'>eorum</span> <span class='ocrx_word' id='word_1_137' title='bbox 1647 1687 1758 1734; x_wconf 84' lang='lat' dir='ltr'>gra—</span> 
     </span>
     <span class='ocr_line' id='line_1_20' title="bbox 350 1746 1759 1812; baseline 0.003 -24"><span class='ocrx_word' id='word_1_138' title='bbox 350 1755 505 1791; x_wconf 85' lang='lat' dir='ltr'>tanter</span> <span class='ocrx_word' id='word_1_139' title='bbox 543 1758 905 1805; x_wconf 84' lang='lat' dir='ltr'>concesserunt,</span> <span class='ocrx_word' id='word_1_140' title='bbox 942 1758 988 1794; x_wconf 84' lang='lat' dir='ltr'>et</span> <span class='ocrx_word' id='word_1_141' title='bbox 1030 1749 1140 1811; x_wconf 81' lang='lat' dir='ltr'>ipsi,</span> <span class='ocrx_word' id='word_1_142' title='bbox 1174 1748 1347 1812; x_wconf 86' lang='lat' dir='ltr'>aliique</span> <span class='ocrx_word' id='word_1_143' title='bbox 1380 1748 1520 1794; x_wconf 88' lang='lat' dir='ltr'>multi</span> <span class='ocrx_word' id='word_1_144' title='bbox 1564 1747 1645 1812; x_wconf 87' lang='lat' dir='ltr'>qui</span> <span class='ocrx_word' id='word_1_145' title='bbox 1684 1746 1759 1792; x_wconf 89' lang='lat' dir='ltr'>af-</span> 
     </span>
     <span class='ocr_line' id='line_1_21' title="bbox 347 1822 1758 1889; baseline 0.001 -22"><span class='ocrx_word' id='word_1_146' title='bbox 347 1822 544 1868; x_wconf 81' lang='lat' dir='ltr'>fuerunt</span> <span class='ocrx_word' id='word_1_147' title='bbox 562 1858 573 1877; x_wconf 91' lang='lat'><strong>,</strong></span> <span class='ocrx_word' id='word_1_148' title='bbox 609 1823 805 1887; x_wconf 84' lang='lat' dir='ltr'>legitimi</span> <span class='ocrx_word' id='word_1_149' title='bbox 835 1834 971 1872; x_wconf 86' lang='lat' dir='ltr'>testes</span> <span class='ocrx_word' id='word_1_150' title='bbox 997 1826 1328 1889; x_wconf 59' lang='lat' dir='ltr'>suprascriptae</span> <span class='ocrx_word' id='word_1_151' title='bbox 1354 1825 1668 1872; x_wconf 88' lang='lat' dir='ltr'>concessionis</span> <span class='ocrx_word' id='word_1_152' title='bbox 1700 1822 1758 1869; x_wconf 89' lang='lat' dir='ltr'>ad</span> 
     </span>
     <span class='ocr_line' id='line_1_22' title="bbox 351 1899 1762 1969; baseline 0.003 -25"><span class='ocrx_word' id='word_1_153' title='bbox 351 1899 604 1946; x_wconf 80' lang='lat' dir='ltr'>utilitatem</span> <span class='ocrx_word' id='word_1_154' title='bbox 640 1902 847 1949; x_wconf 79' lang='lat' dir='ltr'>ecclesiae</span> <span class='ocrx_word' id='word_1_155' title='bbox 880 1904 1159 1950; x_wconf 81' lang='lat' dir='ltr'>extiterunt.</span> <span class='ocrx_word' id='word_1_156' title='bbox 1195 1906 1332 1950; x_wconf 87' lang='lat' dir='ltr'>Tunc</span> <span class='ocrx_word' id='word_1_157' title='bbox 1366 1905 1594 1969; x_wconf 83' lang='lat' dir='ltr'>Rogerius</span> <span class='ocrx_word' id='word_1_158' title='bbox 1628 1904 1762 1949; x_wconf 90' lang='lat' dir='ltr'>Tan-</span> 
     </span>
     <span class='ocr_line' id='line_1_23' title="bbox 352 1978 1763 2047; baseline 0.002 -24"><span class='ocrx_word' id='word_1_159' title='bbox 352 1978 477 2025; x_wconf 89' lang='lat' dir='ltr'>credi</span> <span class='ocrx_word' id='word_1_160' title='bbox 513 1979 571 2026; x_wconf 89' lang='lat' dir='ltr'>de</span> <span class='ocrx_word' id='word_1_161' title='bbox 608 1980 863 2028; x_wconf 86' lang='lat' dir='ltr'>Alta-Villa</span> <span class='ocrx_word' id='word_1_162' title='bbox 900 1981 1023 2027; x_wconf 85' lang='lat' dir='ltr'>filius</span> <span class='ocrx_word' id='word_1_163' title='bbox 1058 1983 1107 2028; x_wconf 89' lang='lat' dir='ltr'>in</span> <span class='ocrx_word' id='word_1_164' title='bbox 1141 1983 1321 2028; x_wconf 85' lang='lat' dir='ltr'>Italiam</span> <span class='ocrx_word' id='word_1_165' title='bbox 1355 2000 1552 2047; x_wconf 81' lang='lat' dir='ltr'>pergens</span> <span class='ocrx_word' id='word_1_166' title='bbox 1587 1980 1763 2028; x_wconf 88' lang='lat' dir='ltr'>ibidem</span> 
     </span>
     <span class='ocr_line' id='line_1_24' title="bbox 351 2056 1764 2123; baseline 0.003 -23"><span class='ocrx_word' id='word_1_167' title='bbox 351 2056 512 2112; x_wconf 75' lang='lat' dir='ltr'>affuit,</span> <span class='ocrx_word' id='word_1_168' title='bbox 558 2058 639 2120; x_wconf 87' lang='lat' dir='ltr'>qui</span> <span class='ocrx_word' id='word_1_169' title='bbox 682 2068 840 2120; x_wconf 87' lang='lat' dir='ltr'>postea</span> <span class='ocrx_word' id='word_1_170' title='bbox 873 2061 1070 2122; x_wconf 87' lang='lat' dir='ltr'>juvante</span> <span class='ocrx_word' id='word_1_171' title='bbox 1114 2060 1212 2106; x_wconf 84' lang='lat' dir='ltr'>Deo</span> <span class='ocrx_word' id='word_1_172' title='bbox 1254 2060 1460 2106; x_wconf 89' lang='lat' dir='ltr'>Siciliam</span> <span class='ocrx_word' id='word_1_173' title='bbox 1502 2076 1668 2123; x_wconf 80' lang='lat' dir='ltr'>magna</span> <span class='ocrx_word' id='word_1_174' title='bbox 1707 2075 1764 2104; x_wconf 82' lang='lat' dir='ltr'>ex</span> 
     </span>
     <span class='ocr_line' id='line_1_25' title="bbox 355 2132 1766 2200; baseline 0.001 -23"><span class='ocrx_word' id='word_1_175' title='bbox 355 2143 486 2196; x_wconf 86' lang='lat' dir='ltr'>parte</span> <span class='ocrx_word' id='word_1_176' title='bbox 520 2132 758 2193; x_wconf 85' lang='lat' dir='ltr'>obtinuit,</span> <span class='ocrx_word' id='word_1_177' title='bbox 787 2145 833 2181; x_wconf 83' lang='lat' dir='ltr'>et</span> <span class='ocrx_word' id='word_1_178' title='bbox 859 2135 1000 2182; x_wconf 74' lang='lat' dir='ltr'>Afros</span> <span class='ocrx_word' id='word_1_179' title='bbox 1024 2137 1300 2200; x_wconf 87' lang='lat' dir='ltr'>Siculosque</span> <span class='ocrx_word' id='word_1_180' title='bbox 1325 2148 1371 2183; x_wconf 89' lang='lat' dir='ltr'>et</span> <span class='ocrx_word' id='word_1_181' title='bbox 1393 2137 1502 2182; x_wconf 81' lang='lat' dir='ltr'>alias</span> <span class='ocrx_word' id='word_1_182' title='bbox 1526 2144 1687 2198; x_wconf 74' lang='lat' dir='ltr'>gentes</span> <span class='ocrx_word' id='word_1_183' title='bbox 1713 2135 1766 2179; x_wconf 85' lang='lat' dir='ltr'>in</span> 
     </span>
     <span class='ocr_line' id='line_1_26' title="bbox 354 2210 1765 2279; baseline 0.003 -24"><span class='ocrx_word' id='word_1_184' title='bbox 354 2210 595 2256; x_wconf 86' lang='lat' dir='ltr'>Christum</span> <span class='ocrx_word' id='word_1_185' title='bbox 623 2229 722 2257; x_wconf 88' lang='lat' dir='ltr'>non</span> <span class='ocrx_word' id='word_1_186' title='bbox 752 2212 1018 2271; x_wconf 86' lang='lat' dir='ltr'>credentes,</span> <span class='ocrx_word' id='word_1_187' title='bbox 1048 2232 1155 2279; x_wconf 81' lang='lat' dir='ltr'>quae</span> <span class='ocrx_word' id='word_1_188' title='bbox 1181 2214 1427 2277; x_wconf 82' lang='lat' dir='ltr'>praefatam</span> <span class='ocrx_word' id='word_1_189' title='bbox 1455 2213 1655 2258; x_wconf 81' lang='lat' dir='ltr'>insulam</span> <span class='ocrx_word' id='word_1_190' title='bbox 1679 2212 1765 2259; x_wconf 86' lang='lat' dir='ltr'>de-</span> 
     </span>
     <span class='ocr_line' id='line_1_27' title="bbox 356 2288 1767 2356; baseline 0.002 -23"><span class='ocrx_word' id='word_1_191' title='bbox 356 2288 623 2347; x_wconf 83' lang='lat' dir='ltr'>vastabant,</span> <span class='ocrx_word' id='word_1_192' title='bbox 651 2291 791 2336; x_wconf 85' lang='lat' dir='ltr'>armis</span> <span class='ocrx_word' id='word_1_193' title='bbox 815 2291 1008 2349; x_wconf 81' lang='lat' dir='ltr'>invasit,</span> <span class='ocrx_word' id='word_1_194' title='bbox 1041 2293 1267 2356; x_wconf 85' lang='lat' dir='ltr'>protrivit</span> <span class='ocrx_word' id='word_1_195' title='bbox 1296 2302 1342 2337; x_wconf 78' lang='lat' dir='ltr'>et</span> <span class='ocrx_word' id='word_1_196' title='bbox 1365 2291 1618 2355; x_wconf 85' lang='lat' dir='ltr'>superavit.</span> <span class='ocrx_word' id='word_1_197' title='bbox 1644 2292 1767 2337; x_wconf 85' lang='lat' dir='ltr'>Puer</span> 
     </span>
    </p>
   </div>
   <div class='ocr_carea' id='block_1_3' title="bbox 359 2471 1767 2699">
    <p class='ocr_par' dir='ltr' id='par_1_4' title="bbox 359 2471 1767 2640">
     <span class='ocr_line' id='line_1_28' title="bbox 406 2471 1767 2520; baseline 0.001 -15"><span class='ocrx_word' id='word_1_198' title='bbox 406 2474 455 2517; x_wconf 90' lang='lat'>(1)</span> <span class='ocrx_word' id='word_1_199' title='bbox 475 2471 618 2506; x_wconf 84' lang='lat' dir='ltr'>Nicolas</span> <span class='ocrx_word' id='word_1_200' title='bbox 641 2471 685 2505; x_wconf 89' lang='lat' dir='ltr'>de</span> <span class='ocrx_word' id='word_1_201' title='bbox 707 2472 1119 2519; x_wconf 81' lang='lat' dir='ltr'>Baqucville-cn-Caux;</span> <span class='ocrx_word' id='word_1_202' title='bbox 1145 2473 1310 2520; x_wconf 87' lang='lat' dir='ltr'>Fonlque</span> <span class='ocrx_word' id='word_1_203' title='bbox 1333 2473 1528 2517; x_wconf 81' lang='lat' dir='ltr'>d’Aun0u3</span> <span class='ocrx_word' id='word_1_204' title='bbox 1559 2473 1697 2508; x_wconf 82' lang='lat' dir='ltr'>Robert</span> <span class='ocrx_word' id='word_1_205' title='bbox 1722 2473 1767 2507; x_wconf 85' lang='lat' dir='ltr'>de</span> 
     </span>
     <span class='ocr_line' id='line_1_29' title="bbox 359 2532 1766 2580; baseline 0.001 -15"><span class='ocrx_word' id='word_1_206' title='bbox 359 2533 493 2566; x_wconf 84' lang='lat' dir='ltr'>Courci</span> <span class='ocrx_word' id='word_1_207' title='bbox 523 2533 629 2579; x_wconf 58' lang='lat' dir='ltr'>(pres</span> <span class='ocrx_word' id='word_1_208' title='bbox 659 2532 955 2578; x_wconf 83' lang='lat' dir='ltr'>Croissanville);</span> <span class='ocrx_word' id='word_1_209' title='bbox 988 2533 1150 2568; x_wconf 85' lang='lat' dir='ltr'>Richard</span> <span class='ocrx_word' id='word_1_210' title='bbox 1179 2533 1224 2568; x_wconf 87' lang='lat' dir='ltr'>de</span> <span class='ocrx_word' id='word_1_211' title='bbox 1250 2533 1414 2569; x_wconf 85' lang='lat' dir='ltr'>Neuville</span> <span class='ocrx_word' id='word_1_212' title='bbox 1438 2533 1643 2580; x_wconf 65' lang='lat' dir='ltr'>(peut—&amp;tre</span> <span class='ocrx_word' id='word_1_213' title='bbox 1668 2532 1766 2567; x_wconf 85' lang='lat' dir='ltr'>Neu-</span> 
     </span>
     <span class='ocr_line' id='line_1_30' title="bbox 361 2590 1650 2640; baseline 0.002 -17"><span class='ocrx_word' id='word_1_214' title='bbox 361 2590 740 2638; x_wconf 71' lang='lat' dir='ltr'>=illc-sur-Tonque);</span> <span class='ocrx_word' id='word_1_215' title='bbox 764 2591 896 2626; x_wconf 80' lang='lat' dir='ltr'>Baudri</span> <span class='ocrx_word' id='word_1_216' title='bbox 917 2592 961 2627; x_wconf 86' lang='lat' dir='ltr'>de</span> <span class='ocrx_word' id='word_1_217' title='bbox 979 2593 1212 2640; x_wconf 71' lang='lat' dir='ltr'>Boequencc3</span> <span class='ocrx_word' id='word_1_218' title='bbox 1234 2593 1365 2640; x_wconf 45' lang='lat' dir='ltr'>&amp;Niger</span> <span class='ocrx_word' id='word_1_219' title='bbox 1384 2592 1429 2627; x_wconf 89' lang='lat' dir='ltr'>dc</span> <span class='ocrx_word' id='word_1_220' title='bbox 1449 2592 1480 2626; x_wconf 87' lang='lat' dir='ltr'>la</span> <span class='ocrx_word' id='word_1_221' title='bbox 1498 2591 1650 2627; x_wconf 87' lang='lat' dir='ltr'>Pouille.</span> 
     </span>
    </p>

    <p class='ocr_par' dir='ltr' id='par_1_5' title="bbox 407 2651 1448 2699">
     <span class='ocr_line' id='line_1_31' title="bbox 407 2651 1448 2699; baseline 0.002 -16"><span class='ocrx_word' id='word_1_222' title='bbox 407 2651 455 2695; x_wconf 77' lang='lat'>(2)</span> <span class='ocrx_word' id='word_1_223' title='bbox 474 2651 715 2686; x_wconf 71' lang='lat' dir='ltr'>saint-Aubin</span> <span class='ocrx_word' id='word_1_224' title='bbox 729 2652 774 2687; x_wconf 87' lang='lat' dir='ltr'>de</span> <span class='ocrx_word' id='word_1_225' title='bbox 793 2653 972 2687; x_wconf 85' lang='lat' dir='ltr'>Bonneval</span> <span class='ocrx_word' id='word_1_226' title='bbox 983 2681 990 2695; x_wconf 83' lang='lat'><em>,</em></span> <span class='ocrx_word' id='word_1_227' title='bbox 1006 2660 1108 2687; x_wconf 85' lang='lat' dir='ltr'>entre</span> <span class='ocrx_word' id='word_1_228' title='bbox 1124 2653 1157 2687; x_wconf 82' lang='lat' dir='ltr'>lc</span> <span class='ocrx_word' id='word_1_229' title='bbox 1174 2653 1244 2699; x_wconf 85' lang='lat' dir='ltr'>Sap</span> <span class='ocrx_word' id='word_1_230' title='bbox 1258 2660 1295 2687; x_wconf 87' lang='lat' dir='ltr'>ct</span> <span class='ocrx_word' id='word_1_231' title='bbox 1315 2653 1448 2688; x_wconf 79' lang='lat' dir='ltr'>Orbec.</span> 
     </span>
    </p>
   </div>
   <div class='ocr_carea' id='block_1_4' title="bbox 366 2708 1769 2814">
    <p class='ocr_par' dir='ltr' id='par_1_6' title="bbox 366 2708 1769 2814">
     <span class='ocr_line' id='line_1_32' title="bbox 408 2708 1769 2755; baseline 0.001 -11"><span class='ocrx_word' id='word_1_232' title='bbox 408 2708 457 2754; x_wconf 77' lang='lat'>(3)</span> <span class='ocrx_word' id='word_1_233' title='bbox 475 2711 753 2748; x_wconf 75' lang='lat' dir='ltr'>I&#39;robablcmcnt</span> <span class='ocrx_word' id='word_1_234' title='bbox 773 2713 1038 2749; x_wconf 76' lang='lat' dir='ltr'>Saint-Nicolas</span> <span class='ocrx_word' id='word_1_235' title='bbox 1058 2713 1118 2748; x_wconf 76' lang='lat' dir='ltr'>(les</span> <span class='ocrx_word' id='word_1_236' title='bbox 1139 2713 1313 2753; x_wconf 71' lang='lat' dir='ltr'>Letticrs,</span> <span class='ocrx_word' id='word_1_237' title='bbox 1335 2724 1525 2747; x_wconf 67' lang='lat' dir='ltr'>commune</span> <span class='ocrx_word' id='word_1_238' title='bbox 1546 2710 1729 2755; x_wconf 80' lang='lat' dir='ltr'>adjacente</span> <span class='ocrx_word' id='word_1_239' title='bbox 1751 2714 1769 2745; x_wconf 72' lang='lat' dir='ltr'>a</span> 
     </span>
     <span class='ocr_line' id='line_1_33' title="bbox 366 2769 585 2814; baseline 0.009 -13"><span class='ocrx_word' id='word_1_240' title='bbox 366 2769 585 2814; x_wconf 67' lang='lat' dir='ltr'>Bocqucncc.</span> 
     </span>
    </p>
   </div>
  </div>
 </body>
</html>
