1951 3194
70 297 189 343 [0111οΛ
220 290 468 340 1040-1060]
562 288 715 327 LIBER
744 287 978 327 TERTIUS.
1431 290 1482 327 29

68 372 277 436 agnovit.
307 369 521 434 Denique
546 368 721 416 relictis
751 367 915 415 mundi
946 366 1194 414 lenociniis
1221 365 1278 413 ad
1307 367 1479 430 Majus-

68 448 411 497 Monasterium
432 445 650 511 confugit
664 482 676 503 ‚
703 445 864 510 ibique
883 444 969 492 sub
991 444 1190 491 Alberto
1210 443 1378 491 abbate
1402 445 1478 508 (1)

68 525 326 573 monachus
349 523 498 571 factus
522 525 674 571 Deum
695 522 969 586 suppliciter
993 522 1176 587 rogavit
1206 531 1261 568 ut
1288 522 1479 568 insana-

67 603 175 649 bilis
203 603 347 666 leprae
375 600 547 648 morbo
580 601 629 646 in
663 616 863 663 corpore
890 598 1173 657 foedaretur,
1204 599 1426 664 quatinus
1452 617 1476 644 a

68 691 372 744 peccatorum
392 678 609 726 sordibus
627 677 676 722 in
694 680 845 722 anima
866 676 1221 724 emundaretur.
1242 677 1381 737 Quod
1400 677 1478 741 pie

66 759 342 822 deprecatus
374 767 443 804 est
477 754 716 811 obtinuit,
753 764 798 801 et
834 763 940 817 post
971 754 1294 801 conversionis
1325 772 1477 801 annos

67 835 165 883 fere
190 853 267 882 sex
293 834 496 881 feliciter
521 831 731 879 decessit.
760 832 898 896 Hugo
923 842 1079 878 sextus
1108 830 1273 888 frater,
1303 834 1473 895 juven-

70 923 168 960 tute
195 912 370 959 florens
381 947 394 969 ,
423 910 617 958 fortuna
651 909 889 957 invidente
920 919 1081 974 raptus
1106 920 1190 955 est.
1219 909 1339 956 Nam
1363 909 1478 955 dum

68 993 267 1060 quadam
288 994 363 1040 die
386 993 443 1040 de
472 1002 623 1040 castro
646 992 693 1038 S.
723 991 986 1039 Scolasticae
1013 991 1086 1054 (2)
1117 1008 1227 1037 cum
1249 989 1479 1036 fratribus

67 1073 159 1118 suis
198 1072 456 1136 multisque
497 1068 773 1117 satellitibus
817 1068 993 1115 rediret
1010 1105 1022 1126 ,
1065 1086 1195 1115 secus
1236 1068 1478 1114 ecclesiam

67 1150 115 1196 S.
144 1149 365 1196 Germani
400 1149 449 1195 in
483 1148 727 1195 territorio
751 1145 973 1194 Esealfoii
999 1146 1073 1210 (3)
1104 1163 1214 1192 cum
1248 1145 1478 1192 consoda-

68 1226 191 1273 libus
229 1227 322 1273 suis
355 1244 449 1273 sese
485 1225 743 1272 lanceando
777 1224 1058 1272 exercuisset
1076 1242 1090 1281 ς
1129 1241 1239 1270 011111
1273 1224 1481 1287 armiger

68 1306 164 1367 ejus
195 1304 310 1350 dum
334 1304 521 1350 incaute
553 1303 724 1349 missile
753 1305 956 1367 jaceret,
991 1302 1198 1367 graviter
1227 1302 1473 1365 percussit.

70 1382 161 1442 Qui
186 1399 315 1439 mox,
347 1392 400 1427 ut
424 1392 523 1428 erat
548 1391 835 1437 mansuetus,
865 1380 1082 1427 eumdem
1107 1380 1395 1443 armigerum
1420 1379 1477 1424 ad

68 1478 114 1507 se
146 1459 356 1514 vocavit,
396 1460 532 1524 eique
564 1459 681 1504 clam
715 1459 835 1504 dixit
867 1478 876 1503 :
915 1458 1330 1520 Velociterficge‚
1361 1458 1477 1520 qnia

63 1539 276 1602 graviter
312 1537 575 1584 vulnerasti
597 1555 687 1583 me.
722 1537 1010 1583 Mz’sereatur
1042 1536 1111 1580 tui
1138 1535 1303 1580 Deus!
1338 1535 1389 1579 F
1389 1551 1478 1597 nge

68 1626 325 1680 antequam
340 1616 529 1678 fratres
562 1616 656 1661 mei
687 1614 776 1660 lzoc
806 1612 1215 1668 animadvertant,
1247 1623 1290 1658 et
1324 1623 1366 1657 te
1381 1629 1480 1676 pro

69 1694 158 1740 lzoc
181 1705 343 1741 eventu
369 1694 671 1760 interficiant.
705 1692 889 1739 Nobilis
920 1693 1075 1757 itaque
1101 1691 1290 1755 juvenis
1323 1709 1378 1738 eo
1402 1691 1477 1737 die

68 1768 311 1817 occubuit.
338 1770 539 1817 Geroius
559 1771 724 1834 junior
747 1769 970 1818 omnibns
995 1769 1109 1814 dum
1137 1767 1288 1814 3(111110
1319 1769 1477 1831 primo

69 1847 186 1895 llore
202 1849 466 1912 juventutis
489 1858 730 1904 vernaret,
759 1846 966 1911 praedam
992 1846 1040 1891 in
1066 1856 1187 1892 terra
1209 1845 1477 1893 Lexovien-

69 1926 127 1971 sis
153 1927 358 1973 ecclesiae
388 1927 574 1990 rapuit,
610 1938 654 1973 et
682 1925 787 1972 inde
819 1923 1211 1971 Monastcriolum
1242 1941 1478 1987 regressus

70 2016 116 2050 et
138 2005 184 2050 in
207 2006 458 2051 amentiam
477 2023 636 2051 versus
658 2004 857 2050 interiit.
883 2003 958 2048 Sic
983 2002 1090 2048 licet
1111 2001 1305 2047 diversis
1325 2000 1477 2047 modis

72 2101 162 2128 una
186 2100 313 2129 mors
339 2101 501 2129 omnes
527 2083 688 2131 Geroii
712 2082 832 2129 filios
851 2081 1008 2145 rapuit
1027 2117 1038 2136 ,
1062 2098 1147 2127 nec
1168 2080 1317 2125 ullum
1339 2098 1393 2126 ex
1414 2080 1477 2125 eis

70 2161 126 2206 acl
149 2162 332 2208 senium
356 2179 503 2225 usque
526 2162 774 2225 pervenire
794 2159 1025 2224 permisit.

135 2239 452 2302 Primogenita
477 2256 668 2303 quoque
692 2238 895 2284 {iliarum
920 2235 1255 2300 Heremburgis
1283 2236 1384 2281 (lata
1412 2247 1479 2281 est

77 2316 343 2362 wascelino
368 2316 423 2361 (10
448 2317 597 2363 Ponte
624 2314 935 2362 Erchenfredi
956 2315 1057 2378 (ως
1087 2332 1144 2361 ex
1168 2332 1257 2378 qua
1281 2313 1477 2360 Willel-

122 2505 172 2545 (1)
193 2501 337 2543 Athen,
361 2502 450 2536 311110
468 2502 512 2536 de
531 2502 770 2535 Maru-muner
784 2500 913 2547 depuis
934 2498 1018 2545 1057
1036 2498 1204 2545 jusqn’cn
1225 2496 1322 2538 1064..

122 2563 169 2605 (2)
188 2561 309 2594 Saintc
328 2560 497 2594 Scolasse.

121 2619 170 2666 (5)
190 2621 490 2655 Saint—Germain
508 2612 765 2661 d'Eehausour,
788 2620 880 2653 alors
899 2618 1027 2664 simple
1044 2616 1218 2663 chapelle.

122 2681 170 2725 (4)
209 2679 455 2725 Aujourd’hui
490 2673 669 2713 Echanfre
682 2708 690 2721 ‚
728 2680 882 2713 1131110311
915 2678 960 2711 (10
993 2674 1458 2711 N0t1·c-l]a1ne-du-Hamel
1472 2702 1479 2713 ,

77 2752 216 2774 comme
243 2752 333 2774 nous
363 2751 496 2773 venons
524 2738 569 2772 (10
595 2739 627 2772 10
655 2739 746 2773 dire.
783 2738 843 2772 On
872 2738 946 2771 voit
969 2750 1098 2771 encore
1119 2735 1405 2782 l'emplacexncnt
1431 2734 1480 2768 (111

77 2798 226 2832 chaman
247 2810 308 2832 sur
328 2798 358 2832 la
379 2799 450 2831 rive
468 2797 583 2831 droite
602 2797 645 2831 (1(-
661 2797 691 2830 la
712 2797 982 2831 Charenlonne.
