1951 3194
429 283 501 319 198
794 281 1038 319 HISTORIA
1071 280 1475 319 ECCLESIASTICA.
1574 285 1847 334 [1069-1070]

427 361 515 418 vit,
538 369 584 406 et
607 368 799 405 noctem
821 359 1073 422 integram,
1098 356 1293 404 ubinam
1313 369 1465 405 essent
1485 377 1605 425 quos
1624 360 1848 407 ductabat

428 439 642 502 ignarus,
683 437 853 500 exegit.
897 436 1170 483 Eboracum
1212 454 1426 484 reversus
1464 439 1707 503 complura
1751 440 1848 486 illic

427 515 609 562 castella
646 516 952 571 restauravit,
987 525 1030 561 et
1058 513 1164 560 urbi
1191 533 1243 560 ac
1273 516 1455 580 regioni
1488 518 1738 564 commoda
1763 535 1848 564 or-

426 594 624 640 dinavit.
646 593 829 640 Deinde
851 604 1009 641 movet
1027 593 1376 658 expeditionem
1398 604 1563 642 contra
1581 596 1848 643 Cestrenses

426 683 473 719 et
492 672 711 724 Guallos‚
737 672 818 737 qui
846 682 1022 736 praeler
1047 672 1157 717 alias
1182 672 1381 718 offensas
1407 673 1683 736 nuperrime
1710 673 1849 721 Scro-

424 748 694 796 besburiam
722 748 1029 796 obsederunt.
1058 750 1306 796 Exercitus
1333 759 1491 796 autem
1517 749 1598 814 qui
1630 749 1745 795 dura
1771 760 1851 796 to-

426 829 675 884 leraverat,
695 828 742 874 in
765 827 855 874 hoc
871 829 1041 875 itinere
1061 828 1216 875 multo
1233 828 1425 874 duriora
1443 838 1618 875 restare
1638 827 1849 875 timebat.

426 904 693 952 Verebatur
725 907 852 951 enim
880 906 1097 952 locorum
1122 906 1422 970 asperitatem
1439 941 1450 961 ,
1481 905 1647 952 hiemis
1674 906 1852 952 intem-

425 985 632 1047 periem,
660 984 1003 1031 alimentorum
1029 984 1265 1047 inopiam,
1289 994 1335 1030 et
1358 983 1566 1030 hostium
1588 983 1852 1030 terribilem

427 1060 745 1108 ferocitatem.
783 1060 1051 1125 Andegavi‚
1088 1061 1308 1107 Britones
1342 1072 1389 1107 et
1423 1061 1719 1108 Cenomanni
1758 1079 1853 1107 ser-

427 1138 581 1194 vitiis,
617 1148 669 1183 ut
693 1136 941 1193 dicebant,
976 1136 1357 1185 intolerabilibus
1381 1137 1559 1202 oppido
1592 1137 1855 1203 gravaban-

429 1227 533 1271 tur3
583 1215 708 1262 unde
750 1216 1060 1279 pertinaciter
1102 1216 1126 1261 a
1175 1233 1284 1281 rege
1326 1217 1601 1263 missionem
1640 1226 1853 1280 petentes

429 1292 870 1358 conquerebantur.
899 1294 979 1340 Sui
1015 1295 1246 1340 nimirum
1273 1294 1330 1340 ad
1355 1295 1746 1359 expurgationem
1772 1294 1853 1341 de—

428 1371 719 1437 promebant
744 1390 841 1418 non
868 1391 1002 1437 posse
1025 1372 1223 1420 domino
1251 1391 1436 1437 semper
1465 1390 1587 1420 nova
1611 1384 1658 1420 et
1683 1373 1853 1419 immo—

429 1450 588 1497 derata
623 1449 841 1510 audenti,
886 1452 1126 1516 nimiaque
1164 1452 1460 1516 praecipienti
1501 1451 1716 1517 obsequi.
1756 1453 1856 1498 Rex

431 1538 590 1573 autem
629 1528 946 1574 constantiam
983 1528 1093 1573 Julii
1132 1527 1326 1575 Caesaris
1371 1529 1417 1574 in
1463 1529 1542 1574 tali
1582 1529 1856 1575 necessitate

431 1616 617 1652 secutus
638 1616 730 1662 est,
757 1623 843 1652 nec
863 1623 941 1652 eos
962 1606 1115 1651 multo
1140 1616 1333 1669 precatu
1357 1624 1438 1653 seu
1459 1606 1593 1653 novis
1612 1605 1855 1670 promissis

431 1684 640 1730 retinere
673 1684 893 1747 dignatus
926 1695 1010 1731 est.
1045 1684 1281 1731 Audacter
1310 1685 1577 1748 incoeptum
1610 1685 1700 1730 iter
1734 1683 1850 1739 init,

432 1760 641 1825 fidasque
670 1759 757 1806 sibi
790 1760 1009 1807 cohortes
1044 1779 1090 1808 se
1126 1762 1257 1826 sequi
1291 1760 1550 1825 praecepit,
1592 1760 1855 1807 desertores

431 1856 546 1886 vero
561 1839 690 1885 velut
707 1839 881 1886 inertes
896 1840 1186 1904 pavidosque
1207 1850 1253 1887 et
1271 1839 1517 1897 invalidos,
1537 1839 1571 1885 si
1592 1838 1852 1894 discedant,

431 1916 750 1981 parvipendit.
789 1918 901 1963 Post
936 1917 1232 1963 difficillimas
1269 1916 1567 1981 fatigationes
1594 1914 1856 1963 victoribus

430 1994 645 2059 requiem
676 1996 941 2058 promittit,
975 2013 1063 2042 nec
1097 1995 1154 2041 ad
1186 1995 1391 2042 honores
1419 2012 1553 2059 posse
1584 1995 1855 2058 pertingere

430 2071 520 2116 nisi
554 2090 638 2134 per
669 2071 853 2119 labores
888 2073 1066 2119 asserit.
1101 2071 1375 2119 lndefessim
1408 2073 1565 2136 itaque
1584 2071 1749 2135 -pergit
1781 2071 1853 2115 via

431 2150 579 2213 equiti
606 2167 855 2213 nunquam
876 2160 985 2196 ante
1010 2160 1228 2213 experta,
1256 2151 1302 2196 in
1325 2167 1416 2214 qua
1441 2159 1553 2194 sunt
1574 2158 1760 2194 montes
1780 2165 1851 2192 ar-

430 2227 508 2273 «lui
536 2237 582 2273 et
599 2227 987 2290 profundissimae
1007 2228 1174 2284 x-alles,
1203 2228 1289 2273 rivi
1318 2237 1364 2274 et
1387 2244 1546 2272 amnes
1571 2226 1849 2289 periculosi,

431 2315 478 2350 et
498 2304 775 2368 voraginosa
800 2305 994 2351 vallium
1020 2306 1129 2351 ima.
1159 2307 1211 2351 In
1234 2303 1317 2350 hac
1343 2303 1412 2349 via
1440 2303 1706 2368 gradientes
1731 2320 1853 2366 saepe

430 2383 583 2428 nimio
610 2381 904 2428 vexabantur
930 2382 1104 2437 imbre,
1145 2383 1291 2428 mixta
1328 2381 1570 2428 interdum
1601 2380 1848 2446 grandine.

430 2461 700 2525 Alit-[nando
727 2460 1018 2524 prwstabant
1037 2462 1220 2507 cunctis
1244 2478 1383 2506 usum
1407 2463 1514 2526 equi
1534 2461 1580 2506 in
1601 2458 1852 2524 paludibus

430 2538 596 2584 enecti.
627 2540 728 2602 lpse
754 2557 834 2585 rex
862 2538 1104 2585 multoties
1131 2539 1265 2600 pedes
1290 2547 1487 2584 cunctos
1510 2537 1698 2602 agiliter
1723 2552 1852 2598 praev

429 2614 644 2671 cedebat,
687 2626 732 2662 et
776 2615 1042 2663 laborantes
1085 2615 1298 2662 manibus
1341 2615 1541 2679 impigre
1581 2611 1846 2676 adjuvabat,

431 2694 644 2740 Tandem
684 2696 943 2742 exercitum
984 2695 1273 2742 incolumem
1312 2711 1458 2758 usque
1493 2693 1698 2738 Cestram
1736 2708 1849 2753 per-

429 2767 590 2824 duxit,
620 2781 664 2814 et.
699 2771 745 2815 in
787 2782 881 2817 tota
913 2772 1204 2817 Merciorum
1235 2770 1427 2832 regione
1461 2778 1618 2813 motus
1658 2765 1849 2813 hostiles
