1951 3194
165 262 301 313 [1067]
651 253 804 292 LIBER
833 251 1087 300 QUARTUS.
1506 250 1580 286 167

162 356 254 405 que
272 336 590 382 Guillermum
606 332 807 379 Osberni
831 323 985 377 filium
1004 330 1052 376 in
1070 328 1282 376 exercitu
1298 344 1384 374 suo
1402 326 1579 390 praeci-

162 433 311 481 puum
328 413 523 478 reliquit
536 449 551 473 ,
567 428 771 476 eumque
787 410 889 457 vice
902 426 983 455 sua
1000 408 1089 455 toti
1107 423 1257 472 regno
1268 422 1429 453 versus
1440 404 1583 469 Aqui-

162 495 325 541 lonem
363 506 562 556 praeesse
606 487 874 535 constituit.
920 487 1155 533 Doveram
1184 501 1300 531 vero
1336 492 1583 545 totamque

166 569 466 633 Cantiam(1)
482 567 637 614 Odoni
655 565 788 611 fratri
807 581 893 611 suo
914 561 1292 619 commendavit,
1322 560 1405 626 qui
1431 558 1583 605 multa

166 647 450 695 liberalitate
473 655 520 692 et
544 642 773 690 industria
799 640 1011 687 saeculari
1036 638 1263 704 pollebat.
1291 637 1381 683 His
1396 634 1584 683 duobus

163 724 497 789 praefecturam
522 720 708 785 Angliae
732 718 992 771 commisit,
1017 728 1065 764 et
1100 734 1211 763 cum
1234 717 1298 763 eis
1329 717 1583 780 Hugonem

165 803 222 849 ilc
256 798 678 848 Grentemaisnilio
709 807 755 844 et
789 797 1042 861 Hugonem
1073 794 1131 841 de
1162 793 1449 841 Monteforti
1482 793 1581 856 (2),

166 880 571 943 Guillelmumque
592 876 649 924 de
678 877 926 933 Garenna,
953 874 1164 938 aliosque
1192 873 1448 920 acerrimos
1479 870 1583 919 bel-

164 959 334 1004 latores
363 956 559 1003 dimisit.
587 955 791 1014 Quidam
821 970 990 1001 eorum
1014 951 1249 1016 subjectos
1284 948 1585 997 laudabiliter

167 1045 420 1091 rexerunt3
450 1033 672 1081 nonnulli
699 1049 812 1079 vero
839 1029 1066 1077 modestia
1101 1037 1313 1076 carentes
1346 1026 1583 1074 immode-

165 1123 262 1160 rate
285 1130 392 1159 suos
417 1121 775 1178 oppresserunt.

232 1192 289 1236 ll.
304 1191 402 1237 Rex
419 1191 576 1255 itaque
590 1208 701 1236 cura
717 1190 851 1254 regni
865 1188 1132 1244 commissa,
1146 1184 1496 1234 Pencvesellum
1511 1184 1583 1247 (5)

168 1286 213 1315 ‚se
242 1269 448 1332 recepit,
487 1266 568 1313 ubi
602 1268 781 1313 multus
816 1266 873 1313 ad
901 1284 1009 1313 eum
1045 1266 1283 1330 equitatus
1314 1262 1585 1326 Anglorum

169 1345 410 1392 convenit.
438 1343 508 1390 lbi
536 1343 768 1390 militibus
792 1341 1162 1407 repatriantibus
1185 1342 1309 1405 larga
1333 1357 1479 1386 manu
1501 1342 1588 1385 sti-

168 1421 339 1486 pendia
356 1421 462 1468 data
483 1432 612 1468 sunt.
636 1422 815 1468 Solutis
837 1421 994 1486 itaque
1016 1419 1215 1466 navibus
1234 1436 1396 1465 mense
1414 1416 1590 1464 martio

169 1518 252 1547 rex
269 1500 550 1547 Guillelmus
568 1501 613 1547 in
633 1500 847 1547 altricem
863 1511 1038 1547 terram
1051 1515 1277 1563 prospere
1290 1495 1587 1562 pervehitur,

169 1595 423 1641 secumque
448 1576 713 1624 honorifice
742 1576 939 1623 adduxit
964 1575 1246 1640 Stigandum
1275 1572 1589 1637 archipraesu-

175 1656 288 1711 lem,
312 1654 551 1719 Edgarum
572 1654 830 1702 Adelinum
849 1654 1059 1701 Eduardi
1082 1654 1204 1719 regis
1223 1650 1588 1707 consobrinum,

172 1744 219 1779 et
248 1744 340 1780 tres
367 1733 648 1780 clarissimos
681 1734 903 1780 comites:
930 1732 1203 1788 Eduinum,
1235 1731 1515 1778 Morcarum
1546 1738 1594 1775 et

174 1811 455 1858 Guallevum
490 1814 558 1874 (4)
577 1848 590 1869 ,
632 1811 932 1877 Egelnodum
975 1828 1167 1876 quoque
1206 1809 1595 1856 Cantuariensem

177 1899 429 1952 satrapam,
453 1889 663 1954 aliosque
687 1889 956 1952 complures
976 1888 1084 1934 altae
1110 1886 1375 1935 nobilitatis
1394 1895 1442 1932 et
1458 1885 1596 1931 mirae

178 1964 564 2027 pulchritudinis.
600 1960 808 2031 Benigna
844 1965 1098 2012 calliditate
1123 1976 1192 2012 est
1225 1983 1364 2021 usus,
1401 1974 1456 2010 ut
1487 1963 1597 2028 ipsis

182 2040 454 2087 auctoribus
478 2042 599 2088 nihil
629 2043 716 2089 sub
741 2043 982 2089 decessum
1008 2061 1146 2089 suum
1172 2051 1451 2099 novaretur,
1485 2057 1600 2105 gens

185 2136 294 2165 vero
320 2128 419 2166 tota
443 2119 601 2165 minus
626 2120 680 2165 ad
704 2119 1014 2168 rebellionem
1039 2120 1215 2166 valeret
1238 2119 1435 2183 spoliata
1465 2118 1599 2182 prin—

184 2196 381 2259 cipibus.
410 2198 625 2262 Denique
650 2198 836 2244 divitias
869 2217 970 2245 suas
1000 2210 1046 2246 et
1078 2198 1286 2246 honores
1311 2198 1376 2244 eis
1404 2197 1453 2243 in
1476 2196 1600 2242 Nor-

184 2276 372 2321 mannia
391 2276 598 2322 ostendit
613 2312 627 2335 ,
654 2287 707 2322 ut
730 2295 809 2324 eos
832 2277 961 2323 velut
987 2277 1170 2324 obsides
1198 2277 1247 2322 in
1270 2284 1503 2340 potestate
1523 2290 1602 2318 sua

188 2368 343 2397 secum
361 2364 569 2411 teneret,
594 2372 802 2419 quorum
824 2356 1079 2403 auctoritas
1097 2355 1168 2401 vel
1184 2355 1303 2400 salus
1319 2350 1605 2416 propinquis

189 2441 235 2474 ct
260 2433 586 2492 compatriotis
611 2434 801 2479 maximi
829 2445 962 2480 esset.

236 2606 285 2648 (ι)
313 2604 360 2638 Le
377 2607 496 2639 comte
516 2604 561 2639 dc
580 2606 686 2640 Ix'ent.

236 2664 285 2708 (a)
312 2663 464 2707 Ungues
477 2690 485 2700 ,
504 2663 674 2709 seigneur
689 2664 733 2697 <lc
751 2665 1152 2699 Montium—sur-l'iislr¹

239 2720 287 2765 Β)
314 2722 503 2767 Pcvcnscy.

239 2782 286 2818 til,
315 2781 521 2825 ᾺἜιΙΗιωιῖ7
547 2789 662 2815 cnunc
684 2783 726 2815 civ
746 2783 1016 2829 Northanipton
1037 2790 1066 2815 61
1091 2783 1372 2826 iviluniingdmi
