1951 3194
144 258 419 309 {1045-1070]
637 258 791 296 LIBER
819 259 1075 307 QUARTUS.
1483 267 1556 304 211

145 355 402 403 ronymus,
432 338 605 403 aliique
629 338 742 403 legis
767 350 814 384 et
842 340 1004 402 gratiae
1035 342 1326 404 expositores
1358 344 1408 389 in
1436 362 1562 392 sacra

144 416 330 479 pagina.
354 415 554 462 Athenae
576 415 768 480 quaudo
790 416 1051 463 incolumes
1071 418 1325 476 florebant,
1350 430 1396 467 et
1415 423 1564 469 excel-

145 493 417 539 lentissimae
449 493 504 539 ad
531 493 906 556 praecipiendum
935 494 1187 552 sedebant,
1217 497 1484 546 Lanfranco
1512 501 1560 547 in

145 571 275 616 omni
313 588 484 635 genere
520 571 806 634 eloquentiae
839 580 921 615 aut
962 571 1321 636 disciplinarum
1357 594 1566 642 assurge-

144 658 279 704 rent,
308 658 354 694 et
380 649 613 712 perceptis
645 646 702 692 ab
731 665 785 693 eo
816 649 1079 695 commodis
1109 651 1468 715 allegationibus
1496 656 1566 702 in-

143 725 261 770 strui
297 734 542 789 cuperent.
580 723 826 770 Studiosus
856 724 949 770 fuit
983 725 1105 771 idem
1138 729 1383 776 coenobita
1410 732 1566 795 gladio

142 800 276 848 verbi
314 802 546 865 perimere
579 811 747 857 sectas,
788 802 823 846 si
862 820 969 867 quae
1009 802 1148 849 fidem
1185 805 1465 854 lacesserent
1497 828 1568 856 ca-

146 880 386 927 tholicam.
416 879 639 926 Profecto
666 880 1005 944 Berengerium
1031 882 1359 930 Turonensem
1394 888 1569 951 (quem

145 957 368 1003 nonnulli
395 956 751 1003 haeresiarcham
778 956 1035 1020 putabant,
1059 970 1105 1004 et
1125 961 1220 1023 ejus
1239 959 1408 1025 dogma
1434 963 1572 1009 dam—

144 1033 348 1090 nabant,
367 1052 464 1098 quo
484 1034 539 1081 de
558 1034 718 1080 salutis
744 1034 895 1081 hostia
916 1046 1124 1082 mortem
1144 1038 1390 1086 animabus
1410 1043 1571 1106 propi-

144 1111 316 1174 nabat)
339 1112 596 1176 spiritualis
617 1113 792 1177 eloquii
819 1130 1050 1160 mucrone
1074 1115 1292 1162 confodit
1313 1117 1359 1162 in
1384 1120 1570 1183 synodo

145 1190 357 1236 Romana
379 1201 425 1237 et
444 1190 750 1237 Vercellensi.
773 1190 844 1236 Ibi
865 1193 1156 1239 sanctissime
1175 1197 1417 1258 exposuit,
1441 1215 1571 1244 vera-

145 1269 328 1314 cissime
354 1268 684 1333 comprobavit.
709 1287 879 1332 panem
905 1281 950 1316 et
970 1270 1160 1327 vinum,
1181 1290 1288 1336 quae
1313 1274 1568 1322 dominicae

143 1364 320 1393 mensae
346 1357 757 1411 superponuntur,
792 1358 899 1410 post
927 1350 1335 1396 consecrationem
1364 1369 1462 1398 esse
1489 1371 1569 1400 ve-

145 1442 246 1469 ram
264 1443 454 1471 carnem
475 1436 521 1471 et
540 1442 706 1471 verum
726 1426 1006 1489 sanguinem
1026 1426 1217 1472 Domini
1241 1428 1571 1492 redemptoris.

144 1503 533 1551 Profundissimis
577 1502 978 1567 disputationibus
1020 1505 1359 1569 Berengerium
1403 1510 1569 1556 Romae

146 1582 453 1646 Turonisque
486 1581 641 1645 palam
677 1582 846 1638 evicit,
884 1599 1175 1647 omnemque
1209 1583 1426 1632 haeresim
1459 1605 1567 1634 ana-

144 1657 448 1706 thematizare
465 1695 477 1716 ‚
506 1661 780 1723 scriptoque
799 1677 960 1705 veram
979 1658 1121 1706 fidem
1146 1661 1365 1723 profiteri
1390 1665 1562 1729 coegit.

143 1737 323 1784 Deinde
343 1736 642 1801 blasphemus
660 1736 987 1793 haeresiarcha,
1007 1737 1114 1800 quia
1133 1750 1334 1785 moestus
1352 1740 1563 1801 erubuit,

145 1814 274 1877 quod
301 1814 487 1861 libellos
517 1814 722 1877 perversi
756 1812 988 1877 dogmatis
1019 1814 1186 1860 Romae
1219 1816 1338 1873 suis,
1378 1835 1438 1863 ne
1468 1818 1566 1881 ipse

145 1901 454 1946 cremaretur,
483 1889 702 1935 manibus
732 1890 782 1935 in
815 1890 974 1952 ignem
1004 1891 1284 1953 conjecerit,
1321 1892 1563 1958 discipulis

142 1967 339 2030 pecunia
367 1967 547 2030 pariter
576 1983 628 2011 ac
658 1965 838 2011 fallacia
870 1966 1108 2029 corruptis
1139 1985 1300 2013 recens
1329 1969 1563 2034 scriptum

141 2043 269 2090 domi
295 2043 534 2099 condidit,
564 2053 612 2089 et
641 2061 726 2107 per
751 2043 937 2089 eosdem
961 2061 1157 2107 peregre
1187 2047 1476 2104 transmisit,
1509 2059 1564 2094 ut

139 2135 272 2170 vetus
293 2140 429 2170 error
449 2121 755 2186 approbatius
778 2121 1048 2178 fulciretur,
1076 2133 1122 2169 et
1150 2124 1198 2168 in
1228 2123 1418 2171 futuros
1449 2145 1562 2190 per—

139 2199 404 2246 durabilior
422 2216 571 2245 annos
595 2199 938 2263 porrigeretur.
963 2198 1033 2245 Ad
1064 2200 1193 2264 quod
1218 2200 1561 2250 destruendum

139 2276 432 2323 Lanfrancus
446 2276 656 2323 dilucido
675 2275 846 2333 edidit,
864 2286 1159 2341 venustoque
1181 2278 1290 2326 stilo
1312 2279 1525 2326 libellum
1540 2317 1554 2338 ,

137 2356 277 2402 sacris
307 2355 669 2401 auctoritatibus
698 2355 1019 2417 ponderosum
1041 2392 1053 2411 ,
1087 2366 1134 2402 et
1162 2356 1556 2405 indissolubiliter

140 2441 437 2478 constantem
467 2432 817 2495 consequentiis
845 2432 1110 2492 rationum,
1134 2450 1258 2479 verae
1291 2433 1555 2498 intelligen-

140 2509 216 2554 tiae
242 2508 531 2554 astructione
554 2507 610 2553 de
634 2507 928 2554 Eucharistia
948 2510 1216 2572 copiosum,
1242 2509 1444 2556 facundo
1464 2529 1557 2557 ser·-

138 2603 281 2633 mone
311 2585 632 2641 luculentum,
671 2602 758 2630 nec
789 2586 1058 2647 prolixitate
1091 2585 1354 2631 teediosum.
1388 2588 1553 2634 Multae

139 2665 343 2712 ecclesiae
369 2663 589 2710 abbatem
617 2663 691 2709 vel
720 2663 999 2726 pontificem
1028 2662 1294 2709 incredibili
1321 2664 1553 2713 desiderio

140 2740 226 2786 sihi
257 2741 576 2787 Lanfrancum
596 2741 840 2803 petierunt
856 2775 867 2795 ‚
895 2758 1035 2803 quem
1060 2741 1201 2785 etiam
1224 2742 1371 2787 Roma
1398 2741 1552 2789 Chris-
