1951 3194
291 279 365 316 118
655 280 899 318 HISTORIA
929 279 1332 322 ECCLESIASTICA.
1437 286 1706 336 [1063-1066]

289 368 385 405 tem
413 359 669 406 Britonum
700 360 774 423 (1)
803 358 1034 418 duxerat,
1066 360 1303 425 armisque
1331 361 1628 428 fulgentibus
1660 375 1707 412 et

289 438 444 501 equis,
467 438 661 503 aliisque
680 438 894 503 insigniis
913 455 1021 485 cum
1041 439 1451 487 commilitonibus
1469 442 1563 488 suis
1580 459 1711 506 spec-

291 515 500 562 tabiliter
525 525 794 563 ornaverat.
824 517 940 562 Erat
963 515 1090 563 enim
1117 517 1245 564 idem
1262 516 1447 583 Anglus
1470 519 1711 585 magnitu-

288 591 398 639 dine
422 603 468 639 et
494 593 754 657 elegantia,
780 592 1056 659 viribusque
1085 594 1325 658 corporis,
1353 595 1594 660 animique
1623 615 1711 643 au-

287 670 413 716 dacia
465 682 513 718 et
563 671 739 736 linguae
795 672 1013 719 facundia
1031 709 1045 730 ,
1113 673 1373 739 multisque
1431 674 1608 721 facetiis
1665 685 1712 721 et

287 746 609 810 probitatibus
637 749 945 797 admirabilis.
974 750 1066 797 Sed
1091 749 1208 815 quid
1235 751 1275 797 ei
1304 762 1434 797 tanta
1461 751 1586 798 dona
1611 751 1712 798 sine

290 825 406 883 fide,
433 844 541 892 quae
564 827 811 875 bonorum
833 829 1052 876 omnium
1075 828 1448 876 fundamentum
1470 840 1563 888 est,
1591 847 1715 878 con-

289 904 542 953 tulerunt?
576 906 631 952 In
662 907 866 970 patriam
898 924 1071 972 nempe
1105 923 1238 952 suam
1266 917 1321 953 ut
1351 925 1587 971 regressus
1615 918 1712 967 est,

287 999 378 1045 pro
405 983 663 1046 cupiditate
687 986 821 1050 regni
848 985 1058 1032 Domino
1083 1002 1167 1031 suo
1191 983 1335 1031 fidem
1364 985 1593 1031 mentitus
1624 991 1720 1031 est(

290 1061 408 1107 Nam
433 1079 593 1126 regem
615 1062 893 1109 Eduardum
906 1099 919 1120 ,
942 1063 1025 1127 qui
1049 1064 1221 1109 morbo
1246 1063 1599 1126 ingravescente
1615 1064 1715 1126 jam

290 1141 438 1187 morti
468 1141 716 1204 proximus
747 1152 873 1199 erat,
902 1141 1248 1197 circumvenit,
1277 1141 1413 1205 eique
1440 1139 1716 1186 transfreta-

290 1218 436 1264 tionis
474 1235 572 1265 suae
605 1229 653 1264 et
686 1218 1000 1283 profectionis
1037 1218 1084 1263 in
1116 1215 1464 1264 Normanniam
1499 1235 1551 1263 ac
1586 1218 1718 1282 lega-

291 1295 435 1340 tionis
462 1296 632 1342 seriem
656 1296 840 1343 retulit.
876 1295 1059 1342 Deinde
1090 1295 1406 1342 fraudulentis
1440 1295 1719 1342 assertioni-

290 1371 379 1418 bus
414 1372 582 1437 adjecit
616 1374 749 1440 quod
777 1375 1065 1422 Willcrmus
1101 1373 1415 1421 Normanniae
1448 1372 1537 1419 sibi
1571 1372 1720 1421 filiam

292 1469 425 1498 suam
467 1453 517 1499 in
562 1453 840 1518 conjugium
880 1452 1065 1500 dederit
1104 1452 1177 1516 (2)
1199 1488 1213 1509 ,
1260 1462 1308 1498 et
1348 1452 1497 1498 totius
1531 1449 1720 1516 Anglici

295 1530 427 1593 regni
441 1532 534 1594 jus,
550 1541 717 1594 utpote
735 1548 914 1596 genero
936 1548 1022 1579 suo
1047 1530 1349 1578 concesserit.
1372 1528 1509 1590 Quod
1528 1529 1722 1577 audiens

295 1618 502 1670 aegrotus
524 1608 749 1673 princeps
777 1609 976 1655 miratus
1001 1619 1094 1665 est,
1122 1618 1281 1655 tamen
1307 1607 1508 1655 credidit
1534 1617 1581 1654 et
1607 1625 1722 1655 con-

296 1686 433 1732 cessit
458 1686 589 1750 quod
612 1687 743 1734 vafer
766 1697 1000 1753 tyrannus
1026 1696 1375 1734 commentatus
1400 1695 1485 1732 est.

360 1764 474 1810 Post
496 1764 680 1830 aliquot
702 1766 930 1830 temporis
952 1765 1045 1830 piae
1068 1764 1316 1812 memoriae
1345 1780 1428 1810 rex
1451 1762 1718 1820 Eduardus,

299 1850 437 1889 xxxv⁰
460 1861 588 1890 anno
619 1845 755 1909 regni
791 1845 893 1903 sui,
928 1862 1079 1891 nonas
1105 1843 1309 1908 januarii
1345 1841 1612 1888 Lundoniae
1637 1841 1723 1889 de·-

298 1919 493 1966 functus
516 1931 610 1978 est,
633 1932 680 1968 et
701 1922 751 1968 in
774 1939 902 1969 novo
925 1922 1235 1978 monasterio,
1254 1919 1384 1986 quod
1404 1920 1502 1984 ipse
1524 1920 1574 1966 in
1595 1919 1725 1966 occi-

299 1997 475 2044 dentali
500 2010 635 2063 parte
654 2000 785 2047 urbis
810 2000 1088 2048 condiderat
1107 2000 1182 2065 (3)
1195 2036 1209 2057 ,
1232 2010 1279 2047 et
1298 2009 1414 2045 tunc
1435 1997 1723 2063 praecedenti

301 2077 561 2139 septimana
585 2077 790 2124 dedicari
815 2078 1021 2136 fecerat,
1049 2095 1202 2143 prope
1228 2077 1374 2124 altare
1398 2074 1529 2141 quod
1559 2074 1725 2122 beatus

302 2153 469 2199 Petrus
493 2154 733 2217 apostolus
758 2165 974 2221 tempore
997 2156 1167 2203 Melliti
1195 2155 1400 2220 episcopi
1426 2171 1535 2199 cum
1560 2163 1725 2199 osten-

302 2232 435 2278 sione
458 2232 706 2296 signorum
731 2245 1110 2292 consecraverat,
1140 2233 1352 2298 sepultus
1371 2242 1456 2279 est.
1481 2232 1619 2277 Tunc
1637 2232 1726 2278 He-

304 2309 460 2354 raldus
495 2310 597 2374 ipso
631 2311 963 2359 tumulationis
996 2313 1098 2371 die,
1130 2312 1245 2358 dum
1271 2309 1405 2375 plebs
1434 2310 1484 2355 in
1516 2310 1726 2375 exequiis

350 2442 399 2486 (ι)
425 2442 554 2476 Conan
567 2442 620 2486 ΙΙ,
638 2442 710 2476 duc
724 2442 769 2477 de
783 2443 963 2491 Brctagne
978 2443 1228 2491 (ποίῳ-1066).
1249 2444 1297 2478 La
1318 2442 1505 2490 tapisscrie
1521 2441 1566 2475 de
1583 2442 1725 2487 Bayeux

305 2503 471 2545 presente
490 2501 671 2548 plusieurs
691 2503 956 2539 circonstanees
976 2504 1161 2539 curicuses
1179 2504 1224 2539 de
1244 2511 1338 2539 cette
1358 2502 1581 2550 expedition.

351 2561 400 2605 (¹2.)
426 2561 541 2596 Notre
560 2569 701 2605 auteur,
725 2562 789 2610 qui
811 2563 871 2598 nie
891 2564 938 2598 ici
959 2563 1011 2598 les
1034 2563 1228 2611 fiancailles
1248 2563 1293 2598 de
1315 2561 1454 2598 Harold
1473 2572 1556 2596 avec
1579 2559 1724 2606 Agathe

304 2632 351 2652 (ιιι
369 2620 514 2655 Adelise
525 2649 534 2663 ,
550 2621 621 2656 fille
635 2621 737 2657 ainee
756 2623 801 2657 de
819 2623 1046 2668 Guillaume,
1068 2635 1105 2659 se
1117 2623 1322 2659 dementira
1336 2621 1529 2658 lui-meme
1543 2621 1562 2654 a
1576 2631 1616 2654 ce
1629 2619 1723 2665 sujet

306 2677 395 2711 dans
415 2677 447 2711 lc
465 2687 500 2712 νΕ
520 2680 608 2714 livre
629 2680 674 2716 de
691 2694 755 2717 son
775 2683 941 2719 histoire.

352 2735 400 2781 (3)
429 2738 701 2774 Westminster.
725 2743 772 2777 La
796 2742 964 2778 dedicacc
984 2750 1045 2778 cut
1072 2743 1146 2778 lieu
1171 2742 1203 2777 le
1226 2741 1269 2776 26
1287 2739 1499 2781 decembrez
1530 2751 1568 2773 cc
1592 2738 1716 2775 n'etait

308 2792 441 2840 qu'unc
461 2794 711 2829 restaurationi
