1951 3194
117 248 252 296 [1072]
600 246 752 284 mmm
781 247 1034 295 ommes.
1449 251 1526 290 243

117 327 357 391 baptisma
392 326 489 371 nisi
524 325 725 372 sabbato
759 327 967 373 Pasclzoe
1006 339 1050 372 et
1080 329 1383 375 Pentecostes
1403 330 1522 394 fiat.

118 405 226 452 Hoc
249 404 443 468 quidem
465 415 674 462 servato,
704 405 837 468 quod
854 406 1069 469 parvulis
1093 424 1385 471 quocumque
1409 419 1527 454 tem-

112 499 253 547 pore,
281 499 581 545 quacumque
611 481 690 527 die
715 484 962 546 petierint,
1000 486 1364 547 regenerationis·
1391 484 1525 532 lava-

116 577 248 605 emm
283 576 381 605 non
416 571 627 623 negetur.
667 559 857 622 Vigllz'a
887 560 966 605 vel
998 560 1079 606 die
1111 561 1432 625 Epiphaniae,
1477 574 1526 608 ut

115 636 275 682 nullus
299 637 395 681 nisi
413 637 704 696 iaey‘irmitatis
722 637 1005 682 necessitate
1025 637 1308 702 baptizetur,
1334 642 1528 686 omnino

117 713 459 759 interdicimus.

182 791 302 836 Huic
320 790 523 837 concilio
543 800 885 836 consenserunt
898 790 1137 837 Johannes
1150 792 1528 858 archiepiscopus

116 867 474 931 Rotomagensis
523 866 728 912 ecclesiae
745 901 758 923 ‚
806 866 908 913 Odo
947 867 1211 931 Bajocensis
1252 870 1524 934 episcopus,

117 944 316 991 Michael
344 943 699 990 Abrincatensis
726 944 997 1009 episcopus,
1033 945 1325 994 Gislebertus
1350 948 1531 997 Ebroi-

118 1023 265 1069 censis
311 1023 557 1087 episcopus
578 1058 589 1078 ,
632 1032 678 1068 et
715 1023 1018 1087 quamplures
1058 1025 1198 1071 etiam
1239 1026 1530 1074 venerabiles

117 1099 306 1147 abbates
322 1136 334 1157 ‚
379 1100 552 1165 quibus
600 1118 655 1148 eo
699 1111 912 1166 tempore
957 1102 1179 1150 coenobia
1219 1103 1529 1153 Normanniae

118 1177 345 1225 nobiliter
377 1178 646 1241 pollebant,
686 1189 732 1224 et
768 1178 1099 1225 monachicum
1132 1180 1339 1245 rigorem
1373 1200 1530 1229 serva-

116 1255 248 1302 bant.

181 1334 248 1379 X.
266 1334 433 1398 Operae
450 1335 659 1398 pretium
673 1352 767 1382 esse
783 1351 894 1382 reor
912 1339 1103 1382 Patrum
1120 1338 1399 1384 memoriam
1418 1356 1532 1402 pos-

119 1414 229 1460 teris
261 1415 509 1470 intimare,
543 1415 623 1479 qui
658 1414 969 1461 Normanniae
1001 1417 1285 1462 monasteria
1310 1415 1397 1462 sub
1422 1434 1530 1482 rege

117 1491 377 1538 Guillelmo
402 1491 662 1555 prudenter
687 1509 851 1539 rexere
869 1528 880 1547 ‚
909 1503 956 1538 et
979 1503 1160 1541 aeterno
1186 1495 1283 1558 regi
1302 1530 1314 1550 ,
1344 1495 1425 1559 qui
1457 1495 1532 1541 in-

119 1568 520 1615 commutabiliter
544 1579 710 1633 regnat
726 1606 738 1626 ,
765 1568 1050 1616 studuerunt
1074 1587 1221 1635 usque
1246 1570 1301 1617 ad
1324 1582 1529 1619 mortem

118 1647 324 1712 digniter
359 1646 696 1693 obsecundare.
736 1647 963 1711 Sequaces
995 1665 1163 1694 eorum
1197 1648 1344 1694 multa
1377 1648 1434 1696 de
1467 1651 1531 1697 eis

121 1728 196 1789 (ut
214 1726 342 1784 reor)
366 1725 537 1788 scripta
561 1726 825 1789 posteritati
845 1725 1088 1782 dimisere;
1109 1726 1186 1773 sed
1207 1736 1364 1773 tamen
1385 1745 1530 1792 quos-

119 1802 248 1858 dam,
271 1820 390 1866 quos
411 1820 509 1865 prae
532 1803 715 1849 caeteris
738 1819 872 1858 amo,
896 1819 996 1849 non
1020 1820 1109 1866 pro
1133 1804 1382 1867 temporali
1404 1823 1528 1851 mer-

121 1880 254 1936 cede,
285 1880 361 1926 sed
395 1897 483 1943 pro
516 1881 616 1926 solo
643 1897 803 1926 amore
830 1881 1071 1943 sapientiae
1098 1892 1143 1927 et
1172 1882 1415 1944 religionis
1439 1881 1527 1927 sibi

121 1957 309 2003 coelitus
337 1957 528 2013 inditae,
555 1957 691 2005 dulce
715 1969 783 2004 est
807 1957 923 2003 mihi
952 1974 1061 2003 cum
1086 1959 1318 2022 magistris
1341 1960 1455 2005 meis
1482 1960 1528 2005 in

122 2035 204 2081 hac
229 2035 390 2082 saltem
414 2037 580 2098 pagina
607 2036 871 2082 nominare.

185 2113 498 2159 Fiscannense
512 2111 790 2160 coenobium
808 2114 855 2158 in
871 2124 1127 2177 prospectu
1146 2116 1287 2159 maris
1302 2115 1529 2177 positum,

124 2190 337 2236 creatrici
364 2190 581 2235 omnium
606 2199 778 2235 sanetae
805 2200 851 2236 et
877 2189 1133 2235 individuae
1159 2190 1381 2236 Trinitati
1407 2189 1535 2236 dica-

125 2276 252 2324 tum,
274 2284 298 2311 a
322 2265 524 2311 Ricardo
548 2265 705 2329 primo
735 2265 854 2312 duce
889 2265 1283 2313 Normannorum
1308 2265 1536 2313 nobiliter

123 2341 399 2398 fundatum,
430 2360 454 2387 a
477 2340 684 2388 secundo
709 2342 870 2388 multis
894 2341 1159 2389 honoribus
1183 2353 1230 2388 et
1251 2342 1427 2387 divitiis
1450 2342 1539 2388 lar-

125 2420 246 2484 giter
264 2419 560 2482 ampliatum,
580 2431 686 2483 post
701 2419 1010 2466 Guillelmum
1027 2420 1360 2466 Divionensem
1379 2420 1536 2465 virum

126 2497 382 2560 sapientem
397 2505 444 2541 et
458 2496 505 2541 in
525 2496 754 2560 religione
768 2496 1186 2552 ferventissimum,
1200 2496 1439 2542 Johannes
1458 2514 1537 2543 vc-

125 2572 349 2619 nerabilis
373 2571 513 2618 abbas
538 2572 674 2617 annis
701 2573 1046 2636 quinquaginta
1070 2584 1114 2619 et
1137 2590 1236 2619 uno
1260 2573 1405 2629 rexit3
1431 2583 1539 2636 post

127 2667 267 2714 quem
293 2650 573 2696 Guillelmus
595 2649 652 2695 de
677 2650 770 2695 Ros
795 2651 1057 2712 Bajocensis
1081 2650 1277 2697 clericus
1293 2686 1305 2708 ‚
1343 2650 1421 2697 sed
1449 2651 1537 2696 Ca-

130 2726 363 2773 domensis
394 2725 680 2783 monachus,
719 2725 815 2773 fere
839 2743 975 2773 xxvn
1008 2728 1141 2773 annis
1172 2728 1343 2774 tenuit.
1376 2728 1461 2774 Hic
1486 2739 1539 2773 ut
