1951 3194
384 269 436 306 32
750 268 994 306 HISTORIA
1024 267 1425 307 ECCLESIASTICA.
1659 268 1798 318 [1050]

384 358 524 412 patur
550 346 644 396 Oth
671 349 763 411 (1),
795 347 1139 394 monasterium
1161 356 1207 393 et
1239 356 1361 393 terra
1388 344 1655 411 presbyteri
1689 363 1795 392 cum

384 443 483 472 uno
508 424 691 489 hospite
723 435 770 472 et
793 424 972 470 decima
997 422 1388 470 molendinorum
1418 423 1625 488 ejusdem
1642 422 1795 479 villae,

385 514 433 550 et
470 503 518 549 in
560 502 850 549 monasterio
886 500 942 547 dc
982 500 1233 564 Waiprato
1275 500 1348 563 (2)
1385 499 1619 547 dederunt
1657 499 1798 546 etiam

386 579 528 626 talem
546 588 748 641 partem,
771 576 959 641 qualem
985 577 1140 622 tenuit
1159 575 1430 624 Rodbertus
1447 587 1581 639 pater
1601 592 1794 633 eorum;

385 665 610 718 praeterea
642 653 873 700 decimam
903 651 959 699 de
987 653 1172 699 Buinna
1203 654 1300 717 (5),
1339 662 1386 699 et
1415 652 1465 698 in
1490 652 1689 699 Belmeis
1722 652 1797 716 (4)

385 733 574 778 tertiam
597 740 781 795 partem
810 729 1072 778 molendini
1098 747 1208 776 cum
1237 730 1415 777 decima
1444 729 1676 794 ejusdem3
1709 728 1798 776 be-

385 808 704 873 neficiumque
722 808 942 854 Fulcuini
964 806 1233 872 Presbyteri
1254 827 1264 853 :
1292 807 1533 854 ecclesiam
1550 806 1727 852 scilicet
1751 817 1800 852 et

383 885 613 932 decimam
646 885 704 932 de
741 885 1136 942 Grentemaisnil,
1173 902 1224 930 ac
1261 884 1492 931 decimam
1531 883 1796 931 molendini

385 963 558 1011 Oliveti
572 982 585 1021 3
616 981 766 1009 unum
792 962 1028 1027 hospitem
1054 964 1103 1009 in
1127 962 1369 1009 Collavilla
1388 962 1461 1026 (5)
1487 979 1596 1008 cum
1617 962 1797 1009 decima

383 1042 530 1089 totius
553 1041 704 1100 villae3
738 1041 970 1088 decimam
998 1058 1190 1106 quoque
1220 1058 1339 1088 cerae
1372 1057 1562 1088 necnon
1585 1050 1632 1087 et
1653 1039 1796 1087 dena-

382 1242 466 1265 sous
489 1230 522 1265 le
549 1243 635 1265 nom
663 1230 707 1265 de
737 1231 776 1265 V
773 1231 892 1265 illaris
915 1231 1009 1264 villa
1022 1231 1135 1278 juxta
1151 1237 1299 1276 pontem
1317 1231 1357 1266 E
1359 1231 1566 1277 rclzelgfridl
1571 1259 1580 1274 ,
1597 1232 1617 1264 a
1632 1229 1795 1275 l'abbaye

380 1289 426 1323 de
439 1290 627 1332 Conches,
655 1289 811 1336 laquelle
832 1289 876 1322 l⁷a
903 1290 1072 1335 toujours
1095 1291 1280 1324 conserve.
1309 1289 1460 1324 Suivant
1483 1289 1710 1323 l’inventaire
1733 1287 1796 1322 des

379 1350 484 1383 titres
502 1349 547 1383 (18
567 1341 851 1391 Saint-Evroult‚
865 1347 1185 1384 Vilers-le-Galeis
1204 1355 1240 1383 et
1256 1362 1322 1396 par
1336 1351 1562 1396 consequent
1580 1355 1686 1383 notre
1703 1348 1797 1382 villa

379 1421 463 1454 quse
488 1409 643 1442 Villaris
661 1407 796 1442 dicitur
813 1420 858 1442 ne
876 1408 1034 1442 seraient
1051 1415 1154 1443 autre
1175 1408 1284 1442 chose
1302 1421 1373 1455 que
1394 1408 1573 1454 Villegast
1589 1408 1672 1454 pres
1689 1407 1792 1449 Paci,

379 1481 451 1515 que
480 1480 573 1502 nous
598 1474 857 1502 retrouverons
885 1467 967 1514 plus
993 1467 1076 1501 tard
1095 1479 1177 1502 sous
1195 1479 1247 1500 un
1264 1474 1368 1501 autre
1395 1479 1481 1501 nom
1499 1467 1617 1514 parmi
1634 1466 1687 1501 les
1704 1477 1792 1512 pro-

377 1529 514 1575 prietes
540 1527 586 1562 de
613 1534 708 1562 cette
735 1527 885 1573 abbaye.
917 1527 1009 1561 Mais
1030 1539 1122 1561 nous
1145 1538 1299 1572 croyons
1319 1539 1390 1573 que
1409 1533 1503 1561 cette
1519 1526 1721 1560 indication
1740 1532 1795 1560 est

377 1588 541 1630 erronee,
553 1593 589 1620 et
604 1585 693 1633 qu’il
708 1585 785 1619 faut
801 1585 980 1619 chercher
994 1584 1318 1620 Vilers-le-Galeis
1333 1584 1421 1619 dans
1438 1584 1489 1619 les
1506 1586 1676 1619 environs
1690 1584 1795 1618 d’Ar-

379 1652 533 1693 gentan3
562 1656 655 1679 nous
675 1644 735 1690 n’y
754 1656 888 1690 voyons
912 1655 974 1690 pas
999 1643 1141 1678 d'autre
1159 1643 1304 1678 localite
1331 1646 1351 1678 {1
1377 1643 1428 1677 lui
1459 1644 1632 1689 assigner,
1662 1654 1733 1690 que
1759 1642 1793 1676 la

375 1712 473 1739 terre
492 1704 537 1738 de
556 1703 674 1739 Villez
695 1715 757 1737 sur
775 1702 808 1736 la
829 1715 1023 1737 commune
1042 1703 1087 1738 de
1108 1703 1315 1738 Montabar.
1339 1703 1371 1738 Il
1388 1710 1442 1738 est
1460 1704 1545 1738 bien
1564 1703 1638 1737 vrai
1659 1715 1730 1750 que
1753 1715 1793 1738 ce

375 1765 450 1799 lieu
468 1771 521 1799 est
539 1765 585 1798 ici
606 1763 756 1811 designe
774 1776 916 1798 comme
933 1763 1111 1798 chef-lieu
1127 1764 1173 1798 de
1192 1764 1370 1810 paroisse,
1392 1765 1481 1798 mais
1500 1775 1592 1798 nous
1609 1776 1633 1810 y
1657 1775 1792 1809 voyons

375 1837 447 1860 une
466 1837 600 1872 preuve
615 1824 660 1859 de
676 1824 756 1871 plus
776 1823 821 1859 de
840 1824 874 1858 la
887 1824 1041 1870 justesse
1061 1823 1106 1859 de
1124 1831 1229 1858 notre
1244 1824 1465 1870 conjecture,
1480 1824 1636 1871 puisque
1654 1823 1791 1871 Peglise

374 1885 420 1919 (18
435 1884 627 1919 Montabar
639 1885 869 1930 appartenait
881 1886 899 1917 ἐι
913 1875 1187 1918 Saint-Evroult
1207 1883 1270 1918 des
1289 1884 1455 1931 l’epoque
1475 1885 1523 1917 01¹1
1538 1890 1644 1917 notre
1660 1890 1790 1917 auteur

374 1944 523 1978 (ἕω-11131(
549 1956 613 1978 son
641 1955 812 1989 ouvrage.
838 1943 947 1979 Voici
977 1955 1023 1977 en
1042 1942 1125 1978 effet
1144 1956 1183 1978 ce
1206 1943 1317 1990 qu’on
1346 1943 1388 1977 lit
1416 1943 1505 1976 dans
1532 1942 1564 1976 la
1591 1942 1718 1977 charte
1743 1941 1788 1976 de

373 2002 490 2037 Henri
511 2003 565 2045 1⁸¹,
588 2013 669 2035 sous
688 2001 722 2035 la
740 2001 824 2035 date
839 2000 884 2035 de
908 2015 918 2035 1
931 2001 1012 2044 128,
1035 2008 1231 2036 contenant
1246 2001 1278 2035 le
1298 2000 1603 2035 denombrement
1619 2000 1682 2035 des
1700 2012 1786 2047 pro-

370 2063 506 2107 prictes
520 2060 565 2095 de
582 2060 743 2106 [abbaye
759 2076 764 2093 z
787 2060 906 2106 Apud
924 2062 1123 2095 Montabal
1141 2067 1253 2095 lotam
1270 2062 1459 2095 ecclesiam
1477 2073 1558 2094 cum
1581 2060 1730 2095 decimis
1750 2067 1784 2094 el

371 2123 497 2164 terris,
518 2121 671 2167 aliisque
688 2123 918 2166 pertinentiis
942 2123 1032 2155 suls.
1057 2120 1167 2167 Apud
1189 2119 1491 2156 Vilers-le-Calcs
1515 2121 1527 2165 (
1539 2122 1590 2154 sic
1613 2122 1651 2153 in
1683 2120 1781 2154 Gall.

374 2181 506 2215 Christ.
530 2182 618 2226 xl.)‚
637 2180 819 2226 quasdam
839 2186 957 2215 terras
983 2187 1017 2214 et
1043 2180 1205 2214 homines
1224 2182 1262 2214 in
1287 2181 1377 2226 ipsis
1395 2186 1596 2214 manentes.
1617 2199 1662 2204 ——
1679 2178 1710 2212 11
1727 2186 1783 2213 est

368 2241 494 2276 visible
509 2254 580 2288 que
599 2248 703 2275 notre
719 2247 850 2275 auteur
864 2253 951 2274 aura
965 2240 1151 2275 consondu
1169 2240 1202 2274 le
1216 2239 1389 2274 chef-lieu
1408 2239 1454 2273 de
1471 2239 1504 2272 la
1522 2239 1681 2285 paroisse
1696 2250 1778 2272 avec

367 2300 401 2334 le
419 2299 574 2333 liameau
594 2298 639 2334 de
658 2298 789 2334 Villez.

414 2369 464 2413 (1)
484 2367 518 2402 O
538 2368 621 2414 pres
639 2368 838 2413 Argentan.

413 2438 463 2481 (9.)
480 2437 657 2483 Gueprei.

414 2505 463 2551 (3)
484 2506 530 2539 La
548 2504 679 2551 Bigue,
700 2504 857 2538 haineau
877 2504 921 2539 de
935 2504 1113 2551 Gueprci.
1129 2501 1183 2538 'Ce
1198 2504 1272 2538 lieu
1289 2510 1341 2538 ost
1362 2505 1508 2537 nomme
1526 2503 1675 2550 Buz'gna
1689 2502 1777 2536 dans

367 2566 396 2598 la
419 2566 542 2599 charte
563 2564 607 2600 (le
627 2565 768 2599 Robert
788 2564 833 2599 de
851 2565 1042 2600 Leicester.

412 2635 461 2677 (4)
479 2633 868 2668 Beaumais-sur-Dive.

413 2700 463 2746 (ὦ)
480 2702 580 2736 Nous
606 2716 649 2736 nc
668 2704 900 2738 connaissons
922 2703 1062 2737 d'autre
1082 2702 1151 2737 lieu
1173 2702 1217 2736 dc
1239 2716 1277 2737 cc
1297 2715 1380 2737 nom
1399 2714 1469 2749 quc
1489 2698 1775 2735 Coum-illc-sur-

370 2760 445 2793 3101·
462 2761 542 2805 puls
561 2762 667 2795 Caeli.
