1951 3194
94 236 216 283 [1080
218 237 231 284 j
586 235 739 273 LIBER
768 236 1010 284 QUINTUS.
1424 242 1495 280 321

160 312 449 376 Presbyteri,
473 316 558 377 qui
574 314 644 360 ad
663 315 901 377 synodum
918 318 1081 362 venire
1095 317 1411 380 neglexerint,
1434 322 1501 366 si-

93 390 282 436 militer.

156 469 223 514 Et
253 471 338 533 qui
361 470 595 534 synodum
627 482 671 515 et
704 472 937 516 circatam
970 473 1044 534 (1)
1079 475 1270 519 statutis
1298 478 1504 521 terminis

91 562 187 591 non
214 545 502 600 reddiderit,
537 545 770 591 similiter.

159 623 218 669 Si
239 623 441 670 clericus
471 640 698 670 coronam
726 640 867 669 suam
896 625 1154 682 dimiserit,
1187 626 1420 674 similiter.

158 702 217 748 Si
244 701 505 748 monachus
535 701 613 747 vel
635 700 898 758 monacha,
929 703 1014 766 qui
1041 714 1152 748 sunt
1175 705 1278 750 sine
1305 707 1501 770 regula,

94 779 307 825 habitum
331 796 470 826 suum
496 778 786 835 dimiserint,
813 779 1048 826 similiter.

160 856 197 902 S
202 858 221 903 i
223 856 493 922 presbyteri
492 867 674 922 praeter
680 857 840 903 treviae
850 856 942 902 Dei
954 854 1234 920 infractores
1246 870 1289 905 et
1300 859 1506 909 latrones

91 935 195 980 sine
224 933 419 979 licentia
447 933 666 997 episcopi
688 934 1229 993 excommunicaverint,
1271 936 1502 983 similiter.

158 1011 217 1057 Si
237 1012 491 1056 erraticum
508 1010 683 1056 habere
703 1011 859 1074 (quod
877 1011 1023 1073 vulgo
1049 1013 1125 1060 W
1116 1010 1273 1076 eridff
1279 1013 1352 1076 (2)
1378 1014 1505 1060 dici-

93 1090 194 1148 tur)
229 1090 279 1134 in
316 1089 503 1134 curiam
536 1087 801 1134 sacerdotis
832 1088 912 1133 vel
948 1089 1133 1147 clerici,
1177 1091 1263 1154 qui
1297 1092 1346 1136 in
1381 1094 1505 1138 atrio

94 1175 336 1221 maneant,
357 1165 556 1221 venerit,
579 1164 658 1210 vel
678 1167 727 1210 in
746 1165 1094 1229 eleemosynam
1111 1166 1329 1230 ejusdem
1350 1169 1505 1215 eccle-

95 1245 206 1301 sice,
233 1242 315 1289 vel
334 1246 383 1288 in
407 1244 583 1288 atrium
607 1244 821 1307 episcopi
840 1246 940 1289 erit.

160 1323 211 1368 Si
241 1319 359 1384 quid
390 1337 479 1384 per
509 1321 855 1366 contentionem
890 1322 939 1365 in
970 1320 1110 1367 domo
1131 1322 1398 1386 presbyteri
1431 1323 1510 1369 vel

95 1397 259 1443 clerici
286 1396 365 1442 vel
399 1398 449 1442 in
489 1400 613 1442 atrio
647 1397 888 1442 sacerdoti
918 1396 998 1442 vel
1034 1398 1206 1444 clerico
1238 1399 1318 1445 vel
1348 1416 1510 1446 eorum

94 1485 384 1539 manupasto
417 1474 488 1537 (3)
525 1474 742 1520 relictum
758 1473 941 1537 suerit,
977 1476 1191 1540 episcopi
1221 1480 1322 1522 erit.

162 1552 220 1598 Si
240 1552 359 1616 quid
388 1553 436 1597 in
462 1551 665 1598 ecclesia
688 1551 766 1597 vel
788 1552 837 1596 in
865 1553 990 1597 atrio
1016 1553 1299 1610 inveniatur,
1328 1555 1407 1600 vel
1430 1572 1505 1601 re—

94 1632 355 1696 linquatur,
382 1631 601 1695 episcopi
623 1631 725 1675 erit.

158 1708 217 1755 Si
236 1709 343 1773 quis
353 1707 683 1774 presbyterum
702 1720 785 1754 aut
803 1708 1090 1754 monachum
1111 1720 1196 1755 aut
1217 1710 1504 1757 monacham

95 1786 371 1844 assallierit,
394 1796 478 1831 aut
489 1786 801 1850 percusserit,
825 1796 911 1831 aut
927 1788 1123 1850 ceperit,
1148 1798 1234 1832 aut
1251 1787 1503 1845 occiderit,

95 1874 181 1909 aut
203 1863 372 1909 domos
393 1879 557 1908 eorum
581 1863 631 1907 in
653 1863 777 1908 atrio
803 1862 1088 1919 incenderit,
1115 1863 1334 1909 similiter
1352 1881 1504 1910 emen-

95 1939 248 1986 dabit.
283 1938 340 1984 Si
369 1941 475 2002 quis
505 1938 790 1983 adulterium
823 1938 905 1983 vel
939 1939 1164 1984 incestum
1183 1937 1386 2003 fecerit,
1424 1942 1505 1987 vel

94 2036 205 2065 cum
230 2017 439 2062 matrina
463 2016 541 2062 vel
562 2033 672 2061 cum
693 2026 844 2062 matre
866 2015 947 2061 vel
956 2015 1127 2079 filiola
1150 2020 1333 2075 coierit,
1359 2020 1500 2064 simi-

94 2095 215 2141 liter.
255 2094 312 2140 Si
339 2093 509 2139 mulier
538 2092 628 2139 hoc
659 2092 785 2138 idem
801 2091 1006 2156 jecerit,
1040 2094 1271 2140 similiter.
1307 2094 1365 2140 Si
1394 2097 1499 2160 quis

94 2190 292 2219 uxorem
330 2188 498 2226 suam,
529 2169 609 2215 vel
640 2171 686 2215 si
713 2187 809 2233 qua
842 2169 1011 2215 mulier
1045 2173 1200 2216 virum
1230 2190 1369 2217 suum
1398 2175 1499 2219 sine

84 2250 281 2317 judicio
313 2248 539 2314 praesulis
582 2247 847 2311 reliquerit,
886 2247 1113 2294 similiter.
1158 2248 1255 2312 Qui
1292 2260 1497 2296 mortuos

94 2327 347 2376 consulunt
359 2363 375 2383 ,
418 2325 497 2372 vel
546 2325 782 2390 maleficia
828 2334 1061 2382 tractant,
1115 2325 1345 2371 similiter.
1399 2326 1500 2390 Qui

139 2493 189 2537 (1)
215 2491 263 2525 Le
276 2489 374 2524 droit
391 2488 435 2523 de
450 2488 552 2522 visite
569 2487 613 2522 de
627 2486 761 2534 l'eglise
781 2486 831 2521 d&
848 2488 867 2520 ὲ
884 2487 1043 2535 l’eveque
1060 2500 1109 2522 ou
1124 2489 1143 2522 ἐι
1160 2488 1423 2524 l’archidiacre.

140 2552 189 2596 (2)
215 2550 312 2584 Lisez
338 2547 441 2594 weif.
467 2547 518 2581 Ce
542 2553 639 2589 mot,
665 2546 755 2580 dont
779 2552 833 2580 est
857 2558 1040 2592 provenue
1063 2547 1262 2581 l'ancienne
1287 2550 1493 2594 expression

91 2611 283 2656 judiciaire
309 2625 314 2642 t
342 2608 468 2643 choses
492 2609 634 2654 gaives,
656 2606 797 2653 signifie
822 2606 868 2641 ici
894 2606 946 2641 les
966 2607 1133 2642 animaux
1151 2615 1290 2643 ers-ants
1306 2616 1343 2644 et
1362 2609 1493 2655 pel-dus

96 2681 160 2715 par
175 2670 271 2704 leurs
288 2667 444 2702 maitres.

141 2726 190 2771 (3)
215 2728 463 2771 Manupacms·
486 2742 491 2755 ε
514 2725 700 2764 servitem:
718 2723 957 2769 domestiquc.

194 2803 242 2831 11.
1254 2802 1300 2829 ‘21
