1951 3194
112 222 381 272 [1056-1057]
594 219 748 258 LIBER
778 220 1013 259 TERTIUS.
1474 228 1526 264 63

108 301 261 365 phista
291 299 585 347 consiliarius
610 302 733 364 ejus,
764 312 811 348 et
839 302 979 366 Hugo
1011 303 1319 350 Luxoviensis
1344 306 1528 369 episco-

108 397 221 443 pus,
250 387 295 425 et
325 377 578 424 Ansfridus
602 378 902 425 Pratellensis
926 378 1094 436 abbas,
1121 391 1263 446 atque
1293 382 1528 430 Lanfran-

108 474 188 504 cus
220 456 525 504 Beccensium
553 456 862 520 praepositus,
893 468 941 503 et
974 457 1051 503 alii
1080 459 1240 521 plures
1267 459 1524 524 profundae

107 535 368 600 sagacitatis
387 534 477 579 viri
497 534 692 580 Uticum
712 545 1042 581 convenerunt
1055 571 1068 593 ,
1094 535 1254 601 ibique
1277 537 1527 585 sollemni-

108 626 251 662 tatem
282 623 555 660 sanctorum
577 611 906 676 apostolorum
932 614 1060 660 Petri
1093 625 1140 662 et
1168 616 1300 662 Pauli
1331 624 1404 662 111⁰
1429 617 1523 663 kal.

101 695 208 759 julii
234 691 610 740 celebraverunt.
640 691 778 735 Tunc
813 689 984 735 auditis
1009 700 1055 737 et
1084 691 1285 739 solerter
1310 693 1527 740 discussis

106 770 452 819 dissensionum
472 766 726 823 fomentis,
755 766 1074 814 Teodericum
1097 767 1316 817 abbatem
1340 781 1394 817 ut
1419 771 1528 818 hac-

108 861 245 897 tenus
282 847 527 903 extiterat,
559 862 760 908 praeesse
783 847 1054 908 jusserunt;
1094 846 1384 895 Rotbertum
1412 867 1527 897 vero

108 928 319 991 priorem
332 961 344 983 ,
371 934 426 970 ut
441 933 768 987 paupertatem
788 921 963 968 Christi
989 935 1284 989 sequeretur,
1305 927 1528 992 patrique

107 1021 192 1050 suo
224 1002 454 1067 spirituali
479 1018 570 1065 pro
596 1001 697 1047 Deo
729 999 974 1047 humiliter
1000 1001 1050 1047 in
1083 1000 1309 1048 omnibus
1333 1001 1528 1050 obtem-

107 1092 320 1145 peraret,
344 1080 530 1143 copiosa
558 1078 959 1126 sermocinatione
978 1077 1352 1126 admonuerunt.
1378 1081 1529 1127 Dein-

107 1159 164 1205 de
187 1157 398 1222 praefatis
421 1154 745 1203 monitoribus
768 1154 825 1201 ad
846 1155 1042 1218 propria
1067 1155 1403 1214 redeuntibus,
1426 1158 1530 1204 Uti-

108 1236 258 1282 censis
296 1251 410 1298 grex
451 1232 802 1297 aliquantulum
842 1232 891 1278 in
926 1248 1037 1295 pace
1071 1232 1253 1296 quievit
1265 1251 1278 1289 3
1312 1233 1391 1280 sed
1419 1245 1528 1298 post

109 1329 261 1357 unum
293 1328 475 1356 annum
511 1319 753 1373 comperta
792 1308 1038 1356 Willermi
1075 1307 1299 1356 Geroiani
1341 1321 1525 1368 morte,

112 1389 286 1434 iterum
319 1386 524 1434 rediviva
559 1387 616 1432 lis
650 1387 882 1444 surrexit,
920 1395 968 1432 et
1001 1385 1234 1433 discordia
1269 1404 1528 1452 corporum

110 1468 471 1530 animarumque
506 1465 643 1511 saluti
682 1464 919 1511 contraria
958 1463 1225 1511 coenobitas
1259 1464 1392 1512 valde
1425 1476 1531 1512 tur-

111 1544 254 1590 bavit.
294 1544 499 1590 Amator
526 1552 686 1588 autem
716 1541 843 1604 pacis
877 1540 1165 1588 Teodericus
1195 1541 1408 1606 undique
1440 1560 1530 1589 an·-

109 1623 336 1687 gustiatus
361 1632 446 1669 est.
476 1621 597 1667 Nam
624 1620 749 1684 apud
781 1620 974 1684 Sagium
998 1619 1229 1685 nequibat
1261 1621 1529 1667 animarum

109 1700 242 1746 saluti
278 1700 535 1764 proficere,
566 1715 653 1746 nec
680 1697 848 1744 cellam
871 1696 936 1743 ibi
965 1708 1175 1762 coeptam
1201 1716 1225 1744 a
1249 1699 1458 1763 Rogerio
1483 1710 1531 1746 et

108 1794 256 1824 uxore
276 1779 373 1841 ejus
393 1777 450 1823 ad
471 1776 816 1841 perfectionem
835 1776 1015 1839 erigere
1027 1794 1041 1832 3
1065 1776 1174 1840 quia
1197 1776 1281 1840 ipsi
1309 1775 1529 1840 pluribus

109 1854 406 1900 saecularium
427 1871 590 1900 rerum
612 1852 736 1898 curis
755 1862 871 1897 tunc
890 1851 1265 1915 occupabantur,
1291 1863 1337 1899 et
1355 1851 1413 1898 ab
1435 1854 1530 1899 ini-

108 1933 242 1978 micis
262 1933 356 1978 suis
379 1931 590 1997 undique
616 1929 1040 1994 impugnabantur.
1063 1929 1204 1993 Apud
1223 1930 1420 1976 Uticum
1439 1929 1528 1975 sibi

111 2010 183 2055 vel
202 2010 303 2056 aliis
322 2010 497 2055 affatim
514 2019 569 2054 ut
585 2008 728 2055 vellet
745 2006 964 2072 prodesse
984 2025 1085 2054 non
1101 2018 1309 2071 poterat,
1330 2018 1531 2072 propter

114 2088 499 2151 importunitates
520 2104 634 2151 quas
653 2104 677 2131 a
697 2084 979 2151 quibusdam
994 2084 1349 2150 potentioribus
1366 2102 1530 2133 mona-

114 2165 210 2211 chis
227 2166 301 2212 illa
309 2177 374 2212 tas
387 2164 636 2212 tolerabat.
653 2164 866 2211 Tandem
880 2175 1134 2229 postquam
1147 2164 1228 2210 diu
1244 2181 1403 2211 secum
1414 2163 1529 2229 quid

114 2245 371 2291 secundum
387 2245 538 2291 Deum
559 2253 718 2309 ageret
734 2242 1037 2300 deliberavit,
1060 2243 1220 2289 omnia
1236 2242 1525 2307 relinquere,

115 2332 162 2366 et
184 2322 453 2384 sepulcrum
476 2321 671 2369 Domini
697 2321 745 2366 in
768 2320 1026 2367 Jerusalem
1049 2319 1178 2366 adire
1203 2319 1427 2366 decrevit.

180 2399 257 2446 IV.
274 2398 452 2446 Deinde
468 2405 539 2445 1v⁰
551 2399 643 2445 kal.
661 2398 959 2463 septembris,
977 2397 1034 2444 de
1048 2398 1204 2463 Sagio,
1219 2395 1301 2445 ubi
1320 2407 1436 2441 tunc
1449 2394 1531 2441 diu

116 2485 327 2521 moratus
341 2474 516 2531 fuerat,
532 2476 727 2523 Uticum
740 2476 872 2522 venit
882 2495 896 2533 3
917 2474 1187 2523 convocatis
1204 2474 1252 2519 in
1269 2471 1530 2535 capitulum

119 2671 267 2699 mourut
295 2677 366 2712 que
393 2665 425 2699 lc
455 2677 473 2711 7
503 2665 592 2698 nont
627 2664 724 2697 ιιοϋ.
750 2665 881 2701 'Victor
902 2664 956 2705 ll,
983 2664 1160 2698 intronise
1179 2663 1212 2697 le
1237 2661 1276 2698 15
1307 2662 1394 2698 avril
1423 2660 1529 2705 1055,

121 2733 268 2760 mourut
287 2725 319 2760 le
339 2726 381 2761 28
397 2725 518 2772 juillet
539 2723 638 2758 1058.
