<?xml version="1.0" encoding="UTF-8"?>
<!DOCTYPE html PUBLIC "-//W3C//DTD XHTML 1.0 Transitional//EN"
    "http://www.w3.org/TR/xhtml1/DTD/xhtml1-transitional.dtd">
<html xmlns="http://www.w3.org/1999/xhtml" xml:lang="en" lang="en">
 <head>
  <title>
</title>
<meta http-equiv="Content-Type" content="text/html;charset=utf-8" />
  <meta name='ocr-system' content='tesseract 3.04.00' />
  <meta name='ocr-capabilities' content='ocr_page ocr_carea ocr_par ocr_line ocrx_word'/>
</head>
<body>
  <div class='ocr_page' id='page_1' title='image "./ordericivitalish02ordeuoft_0040.png"; bbox 0 0 1951 3194; ppageno 0'>
   <div class='ocr_carea' id='block_1_1' title="bbox 324 284 1741 340">
    <p class='ocr_par' dir='ltr' id='par_1_1' title="bbox 324 284 1741 340">
     <span class='ocr_line' id='line_1_1' title="bbox 324 284 1741 340; baseline 0.006 -20"><span class='ocrx_word' id='word_1_1' title='bbox 324 285 375 320; x_wconf 67' lang='lat'>‘22</span> <span class='ocrx_word' id='word_1_2' title='bbox 686 285 930 323; x_wconf 81' lang='lat' dir='ltr'><strong>HISTORIA</strong></span> <span class='ocrx_word' id='word_1_3' title='bbox 962 284 1370 324; x_wconf 78' lang='lat' dir='ltr'>ECCLESIASTICA.</span> <span class='ocrx_word' id='word_1_4' title='bbox 1466 290 1741 340; x_wconf 80' lang='lat' dir='ltr'>[icoo-1050]</span> 
     </span>
    </p>
   </div>
   <div class='ocr_carea' id='block_1_2' title="bbox 326 362 1763 2213">
    <p class='ocr_par' dir='ltr' id='par_1_2' title="bbox 326 362 1753 1204">
     <span class='ocr_line' id='line_1_2' title="bbox 330 362 1744 431; baseline 0.004 -24"><span class='ocrx_word' id='word_1_5' title='bbox 330 362 549 419; x_wconf 78' lang='lat' dir='ltr'>tradidit3</span> <span class='ocrx_word' id='word_1_6' title='bbox 579 376 625 411; x_wconf 88' lang='lat' dir='ltr'>et</span> <span class='ocrx_word' id='word_1_7' title='bbox 650 363 760 411; x_wconf 87' lang='lat' dir='ltr'>inde</span> <span class='ocrx_word' id='word_1_8' title='bbox 785 382 853 410; x_wconf 79' lang='lat' dir='ltr'>xii</span> <span class='ocrx_word' id='word_1_9' title='bbox 880 364 1165 421; x_wconf 75' lang='lat' dir='ltr'>canonicos,</span> <span class='ocrx_word' id='word_1_10' title='bbox 1203 379 1325 429; x_wconf 89' lang='lat' dir='ltr'>quos</span> <span class='ocrx_word' id='word_1_11' title='bbox 1349 366 1578 431; x_wconf 80' lang='lat' dir='ltr'>Rogerius</span> <span class='ocrx_word' id='word_1_12' title='bbox 1605 378 1744 430; x_wconf 86' lang='lat' dir='ltr'>pater</span> 
     </span>
     <span class='ocr_line' id='line_1_3' title="bbox 326 439 1743 507; baseline 0.006 -23"><span class='ocrx_word' id='word_1_13' title='bbox 326 457 436 486; x_wconf 84' lang='lat' dir='ltr'>suus</span> <span class='ocrx_word' id='word_1_14' title='bbox 464 439 640 489; x_wconf 83' lang='lat' dir='ltr'><strong>ibidem</strong></span> <span class='ocrx_word' id='word_1_15' title='bbox 664 443 1003 498; x_wconf 81' lang='lat' dir='ltr'>constituerat,</span> <span class='ocrx_word' id='word_1_16' title='bbox 1033 444 1184 506; x_wconf 87' lang='lat' dir='ltr'>ejecit.</span> <span class='ocrx_word' id='word_1_17' title='bbox 1216 443 1435 507; x_wconf 85' lang='lat' dir='ltr'>Expulsis</span> <span class='ocrx_word' id='word_1_18' title='bbox 1463 456 1621 492; x_wconf 83' lang='lat' dir='ltr'>autem</span> <span class='ocrx_word' id='word_1_19' title='bbox 1645 446 1743 492; x_wconf 92' lang='lat' dir='ltr'>cle-</span> 
     </span>
     <span class='ocr_line' id='line_1_4' title="bbox 326 518 1745 588; baseline 0.004 -26"><span class='ocrx_word' id='word_1_20' title='bbox 326 518 436 563; x_wconf 91' lang='lat' dir='ltr'>ricis</span> <span class='ocrx_word' id='word_1_21' title='bbox 468 519 605 584; x_wconf 83' lang='lat' dir='ltr'>(quia</span> <span class='ocrx_word' id='word_1_22' title='bbox 642 520 766 583; x_wconf 76' lang='lat' dir='ltr'>gulae</span> <span class='ocrx_word' id='word_1_23' title='bbox 801 531 848 566; x_wconf 83' lang='lat' dir='ltr'>et</span> <span class='ocrx_word' id='word_1_24' title='bbox 885 519 1106 578; x_wconf 88' lang='lat' dir='ltr'>libidini,</span> <span class='ocrx_word' id='word_1_25' title='bbox 1145 521 1341 585; x_wconf 83' lang='lat' dir='ltr'>aliisque</span> <span class='ocrx_word' id='word_1_26' title='bbox 1381 524 1534 569; x_wconf 84' lang='lat' dir='ltr'>carnis</span> <span class='ocrx_word' id='word_1_27' title='bbox 1572 523 1745 588; x_wconf 81' lang='lat' dir='ltr'>volup-</span> 
     </span>
     <span class='ocr_line' id='line_1_5' title="bbox 328 596 1743 664; baseline 0.004 -23"><span class='ocrx_word' id='word_1_28' title='bbox 328 596 504 643; x_wconf 78' lang='lat' dir='ltr'>tatibus</span> <span class='ocrx_word' id='word_1_29' title='bbox 544 598 864 645; x_wconf 82' lang='lat' dir='ltr'>deservierant</span> <span class='ocrx_word' id='word_1_30' title='bbox 884 635 896 655; x_wconf 96' lang='lat'><em>,</em></span> <span class='ocrx_word' id='word_1_31' title='bbox 941 609 987 646; x_wconf 87' lang='lat' dir='ltr'>et</span> <span class='ocrx_word' id='word_1_32' title='bbox 1030 598 1334 646; x_wconf 73' lang='lat' dir='ltr'>saecularibus</span> <span class='ocrx_word' id='word_1_33' title='bbox 1374 600 1743 664; x_wconf 82' lang='lat' dir='ltr'>emolumentis)</span> 
     </span>
     <span class='ocr_line' id='line_1_6' title="bbox 327 673 1746 740; baseline 0.003 -22"><span class='ocrx_word' id='word_1_34' title='bbox 327 673 580 720; x_wconf 80' lang='lat' dir='ltr'>collocavit</span> <span class='ocrx_word' id='word_1_35' title='bbox 598 673 774 721; x_wconf 87' lang='lat' dir='ltr'>ibidem</span> <span class='ocrx_word' id='word_1_36' title='bbox 793 675 1051 723; x_wconf 83' lang='lat' dir='ltr'>monachos</span> <span class='ocrx_word' id='word_1_37' title='bbox 1066 675 1362 740; x_wconf 78' lang='lat' dir='ltr'>regularibus</span> <span class='ocrx_word' id='word_1_38' title='bbox 1382 675 1592 722; x_wconf 90' lang='lat' dir='ltr'>imbutos</span> <span class='ocrx_word' id='word_1_39' title='bbox 1610 675 1746 722; x_wconf 88' lang='lat' dir='ltr'>disci-</span> 
     </span>
     <span class='ocr_line' id='line_1_7' title="bbox 327 750 1747 816; baseline 0.003 -22"><span class='ocrx_word' id='word_1_40' title='bbox 327 750 489 812; x_wconf 79' lang='lat' dir='ltr'>plinis,</span> <span class='ocrx_word' id='word_1_41' title='bbox 513 751 666 798; x_wconf 87' lang='lat' dir='ltr'>Porro</span> <span class='ocrx_word' id='word_1_42' title='bbox 690 751 909 800; x_wconf 80' lang='lat' dir='ltr'>monachi</span> <span class='ocrx_word' id='word_1_43' title='bbox 929 754 1062 816; x_wconf 78' lang='lat' dir='ltr'>jussu</span> <span class='ocrx_word' id='word_1_44' title='bbox 1085 752 1233 815; x_wconf 89' lang='lat' dir='ltr'>patris</span> <span class='ocrx_word' id='word_1_45' title='bbox 1254 751 1507 800; x_wconf 87' lang='lat' dir='ltr'>Gisleberti</span> <span class='ocrx_word' id='word_1_46' title='bbox 1532 752 1747 798; x_wconf 81' lang='lat' dir='ltr'>strictam</span> 
     </span>
     <span class='ocr_line' id='line_1_8' title="bbox 328 827 1746 895; baseline 0.003 -23"><span class='ocrx_word' id='word_1_47' title='bbox 328 827 573 892; x_wconf 78' lang='lat' dir='ltr'>religionis</span> <span class='ocrx_word' id='word_1_48' title='bbox 592 830 717 875; x_wconf 70' lang='lat' dir='ltr'>viam</span> <span class='ocrx_word' id='word_1_49' title='bbox 738 830 787 876; x_wconf 92' lang='lat' dir='ltr'>in</span> <span class='ocrx_word' id='word_1_50' title='bbox 805 830 997 878; x_wconf 88' lang='lat' dir='ltr'>ecclesia</span> <span class='ocrx_word' id='word_1_51' title='bbox 1018 834 1167 878; x_wconf 82' lang='lat' dir='ltr'>sancti</span> <span class='ocrx_word' id='word_1_52' title='bbox 1186 831 1388 877; x_wconf 83' lang='lat' dir='ltr'>Martini</span> <span class='ocrx_word' id='word_1_53' title='bbox 1410 832 1718 895; x_wconf 87' lang='lat' dir='ltr'>arripuerunt</span> <span class='ocrx_word' id='word_1_54' title='bbox 1732 865 1746 886; x_wconf 82' lang='lat'><em>,</em></span> 
     </span>
     <span class='ocr_line' id='line_1_9' title="bbox 329 906 1748 972; baseline 0.001 -20"><span class='ocrx_word' id='word_1_55' title='bbox 329 916 376 952; x_wconf 88' lang='lat' dir='ltr'>et</span> <span class='ocrx_word' id='word_1_56' title='bbox 398 906 675 971; x_wconf 82' lang='lat' dir='ltr'>sequacibus</span> <span class='ocrx_word' id='word_1_57' title='bbox 703 908 797 953; x_wconf 89' lang='lat' dir='ltr'>suis</span> <span class='ocrx_word' id='word_1_58' title='bbox 823 908 1102 954; x_wconf 70' lang='lat' dir='ltr'>servandam</span> <span class='ocrx_word' id='word_1_59' title='bbox 1126 925 1276 972; x_wconf 86' lang='lat' dir='ltr'>usque</span> <span class='ocrx_word' id='word_1_60' title='bbox 1299 907 1356 954; x_wconf 84' lang='lat' dir='ltr'>ad</span> <span class='ocrx_word' id='word_1_61' title='bbox 1380 919 1589 955; x_wconf 90' lang='lat' dir='ltr'>mortem</span> <span class='ocrx_word' id='word_1_62' title='bbox 1618 924 1748 954; x_wconf 88' lang='lat' dir='ltr'>com-</span> 
     </span>
     <span class='ocr_line' id='line_1_10' title="bbox 329 984 1752 1050; baseline 0 -20"><span class='ocrx_word' id='word_1_63' title='bbox 329 985 589 1042; x_wconf 76' lang='lat' dir='ltr'>miserunt3</span> <span class='ocrx_word' id='word_1_64' title='bbox 617 1003 762 1050; x_wconf 83' lang='lat' dir='ltr'>quam</span> <span class='ocrx_word' id='word_1_65' title='bbox 780 1003 1068 1033; x_wconf 88' lang='lat' dir='ltr'>successores</span> <span class='ocrx_word' id='word_1_66' title='bbox 1092 1003 1260 1033; x_wconf 85' lang='lat' dir='ltr'>eorum</span> <span class='ocrx_word' id='word_1_67' title='bbox 1282 985 1369 1031; x_wconf 88' lang='lat' dir='ltr'>sub</span> <span class='ocrx_word' id='word_1_68' title='bbox 1389 984 1585 1033; x_wconf 87' lang='lat' dir='ltr'>eruditis</span> <span class='ocrx_word' id='word_1_69' title='bbox 1603 984 1752 1048; x_wconf 84' lang='lat' dir='ltr'>patri-</span> 
     </span>
     <span class='ocr_line' id='line_1_11' title="bbox 329 1060 1753 1127; baseline 0 -21"><span class='ocrx_word' id='word_1_70' title='bbox 329 1060 418 1106; x_wconf 85' lang='lat' dir='ltr'>bus</span> <span class='ocrx_word' id='word_1_71' title='bbox 442 1062 679 1109; x_wconf 88' lang='lat' dir='ltr'>Gerberto</span> <span class='ocrx_word' id='word_1_72' title='bbox 695 1099 707 1119; x_wconf 90' lang='lat'><strong><em>,</em></strong></span> <span class='ocrx_word' id='word_1_73' title='bbox 735 1062 964 1109; x_wconf 84' lang='lat' dir='ltr'>Durando</span> <span class='ocrx_word' id='word_1_74' title='bbox 995 1074 1042 1109; x_wconf 89' lang='lat' dir='ltr'>et</span> <span class='ocrx_word' id='word_1_75' title='bbox 1064 1062 1273 1108; x_wconf 82' lang='lat' dir='ltr'>Arnulfo</span> <span class='ocrx_word' id='word_1_76' title='bbox 1296 1080 1446 1127; x_wconf 84' lang='lat' dir='ltr'>usque</span> <span class='ocrx_word' id='word_1_77' title='bbox 1480 1061 1621 1108; x_wconf 89' lang='lat' dir='ltr'>hodie</span> <span class='ocrx_word' id='word_1_78' title='bbox 1649 1061 1753 1107; x_wconf 86' lang='lat' dir='ltr'>lau-</span> 
     </span>
     <span class='ocr_line' id='line_1_12' title="bbox 331 1136 1053 1204; baseline 0.003 -21"><span class='ocrx_word' id='word_1_79' title='bbox 331 1136 554 1185; x_wconf 84' lang='lat' dir='ltr'>dabiliter</span> <span class='ocrx_word' id='word_1_80' title='bbox 577 1152 740 1186; x_wconf 89' lang='lat' dir='ltr'>tenere</span> <span class='ocrx_word' id='word_1_81' title='bbox 762 1150 1053 1204; x_wconf 76' lang='lat' dir='ltr'>sategerunt.</span> 
     </span>
    </p>

    <p class='ocr_par' dir='ltr' id='par_1_3' title="bbox 333 1215 1763 2213">
     <span class='ocr_line' id='line_1_13' title="bbox 397 1215 1753 1278; baseline -0.001 -17"><span class='ocrx_word' id='word_1_82' title='bbox 397 1217 465 1262; x_wconf 89' lang='lat' dir='ltr'>De</span> <span class='ocrx_word' id='word_1_83' title='bbox 505 1218 685 1263; x_wconf 81' lang='lat' dir='ltr'>Geroio</span> <span class='ocrx_word' id='word_1_84' title='bbox 731 1218 928 1264; x_wconf 86' lang='lat' dir='ltr'>Ernaldi</span> <span class='ocrx_word' id='word_1_85' title='bbox 970 1218 1132 1265; x_wconf 88' lang='lat' dir='ltr'>Grossi</span> <span class='ocrx_word' id='word_1_86' title='bbox 1173 1219 1230 1264; x_wconf 90' lang='lat' dir='ltr'>de</span> <span class='ocrx_word' id='word_1_87' title='bbox 1273 1218 1418 1265; x_wconf 81' lang='lat' dir='ltr'>Corte</span> <span class='ocrx_word' id='word_1_88' title='bbox 1459 1215 1643 1263; x_wconf 82' lang='lat' dir='ltr'>Sedaldi</span> <span class='ocrx_word' id='word_1_89' title='bbox 1677 1215 1753 1278; x_wconf 82' lang='lat'>(1)</span> 
     </span>
     <span class='ocr_line' id='line_1_14' title="bbox 333 1292 1755 1359; baseline -0.001 -20"><span class='ocrx_word' id='word_1_90' title='bbox 333 1294 510 1341; x_wconf 87' lang='lat' dir='ltr'>Abonii</span> <span class='ocrx_word' id='word_1_91' title='bbox 535 1295 744 1341; x_wconf 79' lang='lat' dir='ltr'>Britonis</span> <span class='ocrx_word' id='word_1_92' title='bbox 767 1295 852 1341; x_wconf 87' lang='lat' dir='ltr'>filii</span> <span class='ocrx_word' id='word_1_93' title='bbox 873 1296 998 1354; x_wconf 84' lang='lat' dir='ltr'>filio,</span> <span class='ocrx_word' id='word_1_94' title='bbox 1026 1299 1157 1359; x_wconf 82' lang='lat' dir='ltr'>cujus</span> <span class='ocrx_word' id='word_1_95' title='bbox 1181 1295 1431 1359; x_wconf 72' lang='lat' dir='ltr'>progenies</span> <span class='ocrx_word' id='word_1_96' title='bbox 1452 1292 1755 1341; x_wconf 73' lang='lat' dir='ltr'>Uticensibus</span> 
     </span>
     <span class='ocr_line' id='line_1_15' title="bbox 333 1371 1757 1437; baseline -0.001 -21"><span class='ocrx_word' id='word_1_97' title='bbox 333 1371 483 1418; x_wconf 82' lang='lat' dir='ltr'>multa</span> <span class='ocrx_word' id='word_1_98' title='bbox 519 1371 748 1419; x_wconf 80' lang='lat' dir='ltr'>beneficia</span> <span class='ocrx_word' id='word_1_99' title='bbox 784 1373 1018 1429; x_wconf 84' lang='lat' dir='ltr'>contulit,</span> <span class='ocrx_word' id='word_1_100' title='bbox 1056 1372 1174 1420; x_wconf 88' lang='lat' dir='ltr'>libet</span> <span class='ocrx_word' id='word_1_101' title='bbox 1205 1373 1283 1419; x_wconf 92' lang='lat' dir='ltr'>hic</span> <span class='ocrx_word' id='word_1_102' title='bbox 1308 1373 1510 1437; x_wconf 77' lang='lat' dir='ltr'>posteris</span> <span class='ocrx_word' id='word_1_103' title='bbox 1542 1371 1757 1418; x_wconf 87' lang='lat' dir='ltr'>breviter</span> 
     </span>
     <span class='ocr_line' id='line_1_16' title="bbox 334 1449 1754 1515; baseline -0.001 -19"><span class='ocrx_word' id='word_1_104' title='bbox 334 1451 558 1497; x_wconf 83' lang='lat' dir='ltr'>intimare</span> <span class='ocrx_word' id='word_1_105' title='bbox 581 1451 686 1515; x_wconf 80' lang='lat' dir='ltr'>quis</span> <span class='ocrx_word' id='word_1_106' title='bbox 708 1451 916 1515; x_wconf 86' lang='lat' dir='ltr'>qualisve</span> <span class='ocrx_word' id='word_1_107' title='bbox 936 1451 1099 1498; x_wconf 78' lang='lat' dir='ltr'>fuerit.</span> <span class='ocrx_word' id='word_1_108' title='bbox 1128 1452 1215 1496; x_wconf 83' lang='lat' dir='ltr'>Hic</span> <span class='ocrx_word' id='word_1_109' title='bbox 1233 1469 1290 1497; x_wconf 79' lang='lat' dir='ltr'>ex</span> <span class='ocrx_word' id='word_1_110' title='bbox 1310 1469 1478 1515; x_wconf 79' lang='lat' dir='ltr'>magna</span> <span class='ocrx_word' id='word_1_111' title='bbox 1503 1449 1754 1498; x_wconf 81' lang='lat' dir='ltr'>nobilitate</span> 
     </span>
     <span class='ocr_line' id='line_1_17' title="bbox 335 1526 1751 1592; baseline -0.003 -18"><span class='ocrx_word' id='word_1_112' title='bbox 335 1530 631 1576; x_wconf 80' lang='lat' dir='ltr'>Francorum</span> <span class='ocrx_word' id='word_1_113' title='bbox 651 1540 698 1574; x_wconf 88' lang='lat' dir='ltr'>et</span> <span class='ocrx_word' id='word_1_114' title='bbox 722 1528 976 1575; x_wconf 84' lang='lat' dir='ltr'>Britonum</span> <span class='ocrx_word' id='word_1_115' title='bbox 1000 1529 1251 1592; x_wconf 82' lang='lat' dir='ltr'>processit,</span> <span class='ocrx_word' id='word_1_116' title='bbox 1278 1529 1492 1592; x_wconf 83' lang='lat' dir='ltr'>miraque</span> <span class='ocrx_word' id='word_1_117' title='bbox 1510 1526 1751 1590; x_wconf 81' lang='lat' dir='ltr'>probitate</span> 
     </span>
     <span class='ocr_line' id='line_1_18' title="bbox 337 1603 1760 1670; baseline 0 -20"><span class='ocrx_word' id='word_1_118' title='bbox 337 1617 383 1651; x_wconf 80' lang='lat' dir='ltr'>et</span> <span class='ocrx_word' id='word_1_119' title='bbox 407 1606 595 1651; x_wconf 82' lang='lat' dir='ltr'>audacia</span> <span class='ocrx_word' id='word_1_120' title='bbox 619 1605 914 1669; x_wconf 83' lang='lat' dir='ltr'>temporibus</span> <span class='ocrx_word' id='word_1_121' title='bbox 940 1607 1154 1670; x_wconf 79' lang='lat' dir='ltr'>Hugonis</span> <span class='ocrx_word' id='word_1_122' title='bbox 1178 1607 1338 1669; x_wconf 79' lang='lat' dir='ltr'>Magni</span> <span class='ocrx_word' id='word_1_123' title='bbox 1366 1617 1412 1652; x_wconf 87' lang='lat' dir='ltr'>et</span> <span class='ocrx_word' id='word_1_124' title='bbox 1437 1603 1659 1651; x_wconf 85' lang='lat' dir='ltr'>Rotberti</span> <span class='ocrx_word' id='word_1_125' title='bbox 1682 1621 1760 1650; x_wconf 85' lang='lat' dir='ltr'>re·-</span> 
     </span>
     <span class='ocr_line' id='line_1_19' title="bbox 338 1683 1757 1748; baseline -0.001 -19"><span class='ocrx_word' id='word_1_126' title='bbox 338 1702 452 1748; x_wconf 65' lang='lat' dir='ltr'>gum</span> <span class='ocrx_word' id='word_1_127' title='bbox 472 1685 768 1730; x_wconf 75' lang='lat' dir='ltr'>Francorum</span> <span class='ocrx_word' id='word_1_128' title='bbox 783 1683 1013 1731; x_wconf 88' lang='lat' dir='ltr'>nobiliter</span> <span class='ocrx_word' id='word_1_129' title='bbox 1032 1685 1199 1748; x_wconf 75' lang='lat' dir='ltr'>viguit.</span> <span class='ocrx_word' id='word_1_130' title='bbox 1220 1684 1453 1731; x_wconf 79' lang='lat' dir='ltr'>Hildiardi</span> <span class='ocrx_word' id='word_1_131' title='bbox 1472 1700 1587 1731; x_wconf 78' lang='lat' dir='ltr'>vero</span> <span class='ocrx_word' id='word_1_132' title='bbox 1605 1683 1757 1730; x_wconf 85' lang='lat' dir='ltr'>sorori</span> 
     </span>
     <span class='ocr_line' id='line_1_20' title="bbox 342 1760 1759 1826; baseline -0.001 -19"><span class='ocrx_word' id='word_1_133' title='bbox 342 1766 439 1825; x_wconf 83' lang='lat' dir='ltr'>ejus</span> <span class='ocrx_word' id='word_1_134' title='bbox 472 1772 566 1808; x_wconf 82' lang='lat' dir='ltr'>tres</span> <span class='ocrx_word' id='word_1_135' title='bbox 592 1762 676 1808; x_wconf 88' lang='lat' dir='ltr'>filii</span> <span class='ocrx_word' id='word_1_136' title='bbox 710 1772 756 1809; x_wconf 87' lang='lat' dir='ltr'>et</span> <span class='ocrx_word' id='word_1_137' title='bbox 783 1762 1006 1809; x_wconf 85' lang='lat' dir='ltr'>undecim</span> <span class='ocrx_word' id='word_1_138' title='bbox 1030 1762 1142 1808; x_wconf 75' lang='lat' dir='ltr'>filiae</span> <span class='ocrx_word' id='word_1_139' title='bbox 1169 1761 1394 1818; x_wconf 84' lang='lat' dir='ltr'>fuerunt,</span> <span class='ocrx_word' id='word_1_140' title='bbox 1418 1780 1527 1826; x_wconf 84' lang='lat' dir='ltr'>quae</span> <span class='ocrx_word' id='word_1_141' title='bbox 1550 1760 1759 1808; x_wconf 82' lang='lat' dir='ltr'>honora-</span> 
     </span>
     <span class='ocr_line' id='line_1_21' title="bbox 339 1837 1761 1902; baseline -0.001 -19"><span class='ocrx_word' id='word_1_142' title='bbox 339 1837 517 1884; x_wconf 85' lang='lat' dir='ltr'>bilibus</span> <span class='ocrx_word' id='word_1_143' title='bbox 542 1840 651 1885; x_wconf 77' lang='lat' dir='ltr'>viris</span> <span class='ocrx_word' id='word_1_144' title='bbox 675 1849 839 1902; x_wconf 71' lang='lat' dir='ltr'>nuptae</span> <span class='ocrx_word' id='word_1_145' title='bbox 865 1838 1042 1886; x_wconf 87' lang='lat' dir='ltr'>multos</span> <span class='ocrx_word' id='word_1_146' title='bbox 1067 1839 1190 1886; x_wconf 89' lang='lat' dir='ltr'>filios</span> <span class='ocrx_word' id='word_1_147' title='bbox 1211 1850 1525 1902; x_wconf 73' lang='lat' dir='ltr'>pepererunt,</span> <span class='ocrx_word' id='word_1_148' title='bbox 1547 1837 1630 1901; x_wconf 80' lang='lat' dir='ltr'>qui</span> <span class='ocrx_word' id='word_1_149' title='bbox 1655 1854 1761 1883; x_wconf 91' lang='lat' dir='ltr'>suc—-</span> 
     </span>
     <span class='ocr_line' id='line_1_22' title="bbox 341 1914 1762 1982; baseline -0.002 -19"><span class='ocrx_word' id='word_1_150' title='bbox 341 1916 526 1963; x_wconf 86' lang='lat' dir='ltr'>cedenti</span> <span class='ocrx_word' id='word_1_151' title='bbox 550 1927 765 1980; x_wconf 87' lang='lat' dir='ltr'>tempore</span> <span class='ocrx_word' id='word_1_152' title='bbox 791 1918 837 1962; x_wconf 89' lang='lat' dir='ltr'>in</span> <span class='ocrx_word' id='word_1_153' title='bbox 864 1916 1013 1963; x_wconf 82' lang='lat' dir='ltr'>Gallia</span> <span class='ocrx_word' id='word_1_154' title='bbox 1039 1927 1085 1963; x_wconf 86' lang='lat' dir='ltr'>et</span> <span class='ocrx_word' id='word_1_155' title='bbox 1105 1916 1274 1982; x_wconf 75' lang='lat' dir='ltr'>Anglia</span> <span class='ocrx_word' id='word_1_156' title='bbox 1298 1926 1440 1981; x_wconf 84' lang='lat' dir='ltr'>atque</span> <span class='ocrx_word' id='word_1_157' title='bbox 1463 1916 1633 1979; x_wconf 87' lang='lat' dir='ltr'>Apulia</span> <span class='ocrx_word' id='word_1_158' title='bbox 1657 1914 1762 1961; x_wconf 80' lang='lat' dir='ltr'>hos—</span> 
     </span>
     <span class='ocr_line' id='line_1_23' title="bbox 342 1993 1763 2059; baseline -0.001 -20"><span class='ocrx_word' id='word_1_159' title='bbox 342 1996 467 2040; x_wconf 81' lang='lat' dir='ltr'>tibus</span> <span class='ocrx_word' id='word_1_160' title='bbox 500 1995 547 2040; x_wconf 86' lang='lat' dir='ltr'>in</span> <span class='ocrx_word' id='word_1_161' title='bbox 574 1995 717 2040; x_wconf 84' lang='lat' dir='ltr'>arinis</span> <span class='ocrx_word' id='word_1_162' title='bbox 748 2012 921 2059; x_wconf 79' lang='lat' dir='ltr'>magno</span> <span class='ocrx_word' id='word_1_163' title='bbox 955 1996 1128 2041; x_wconf 87' lang='lat' dir='ltr'>terrori</span> <span class='ocrx_word' id='word_1_164' title='bbox 1158 1994 1374 2041; x_wconf 83' lang='lat' dir='ltr'>suerunt.</span> <span class='ocrx_word' id='word_1_165' title='bbox 1410 1993 1609 2040; x_wconf 84' lang='lat' dir='ltr'>Geroius</span> <span class='ocrx_word' id='word_1_166' title='bbox 1636 1994 1763 2039; x_wconf 85' lang='lat' dir='ltr'>inter</span> 
     </span>
     <span class='ocr_line' id='line_1_24' title="bbox 342 2071 1762 2137; baseline -0.001 -20"><span class='ocrx_word' id='word_1_167' title='bbox 342 2072 525 2137; x_wconf 82' lang='lat' dir='ltr'>reliqua</span> <span class='ocrx_word' id='word_1_168' title='bbox 546 2073 691 2119; x_wconf 82' lang='lat' dir='ltr'>fortia</span> <span class='ocrx_word' id='word_1_169' title='bbox 715 2090 883 2137; x_wconf 79' lang='lat' dir='ltr'>opera,</span> <span class='ocrx_word' id='word_1_170' title='bbox 904 2090 1013 2137; x_wconf 61' lang='lat' dir='ltr'>quae</span> <span class='ocrx_word' id='word_1_171' title='bbox 1039 2072 1174 2128; x_wconf 86' lang='lat' dir='ltr'>fecit,</span> <span class='ocrx_word' id='word_1_172' title='bbox 1197 2091 1305 2118; x_wconf 84' lang='lat' dir='ltr'>cum</span> <span class='ocrx_word' id='word_1_173' title='bbox 1324 2072 1583 2119; x_wconf 84' lang='lat' dir='ltr'>VVillermo</span> <span class='ocrx_word' id='word_1_174' title='bbox 1610 2071 1762 2117; x_wconf 81' lang='lat' dir='ltr'>Beles-</span> 
     </span>
     <span class='ocr_line' id='line_1_25' title="bbox 344 2150 1762 2213; baseline 0 -18"><span class='ocrx_word' id='word_1_175' title='bbox 344 2150 492 2195; x_wconf 90' lang='lat' dir='ltr'>mensi</span> <span class='ocrx_word' id='word_1_176' title='bbox 522 2150 594 2213; x_wconf 74' lang='lat'>(2)</span> <span class='ocrx_word' id='word_1_177' title='bbox 624 2161 791 2197; x_wconf 83' lang='lat' dir='ltr'>contra</span> <span class='ocrx_word' id='word_1_178' title='bbox 811 2151 1102 2197; x_wconf 85' lang='lat' dir='ltr'>Herbertum</span> <span class='ocrx_word' id='word_1_179' title='bbox 1129 2151 1594 2199; x_wconf 83' lang='lat' dir='ltr'>Cenomannensium</span> <span class='ocrx_word' id='word_1_180' title='bbox 1617 2150 1762 2196; x_wconf 92' lang='lat' dir='ltr'>comi-</span> 
     </span>
    </p>
   </div>
   <div class='ocr_carea' id='block_1_3' title="bbox 348 2378 1769 2828">
    <p class='ocr_par' dir='ltr' id='par_1_4' title="bbox 348 2378 1767 2650">
     <span class='ocr_line' id='line_1_26' title="bbox 348 2378 1767 2424; baseline -0.002 -11"><span class='ocrx_word' id='word_1_181' title='bbox 348 2391 418 2413; x_wconf 84' lang='lat' dir='ltr'>aux</span> <span class='ocrx_word' id='word_1_182' title='bbox 436 2379 633 2413; x_wconf 74' lang='lat' dir='ltr'>chanoines</span> <span class='ocrx_word' id='word_1_183' title='bbox 652 2378 779 2413; x_wconf 56' lang='lat' dir='ltr'>&amp;tablis</span> <span class='ocrx_word' id='word_1_184' title='bbox 797 2381 816 2413; x_wconf 75' lang='lat' dir='ltr'>a</span> <span class='ocrx_word' id='word_1_185' title='bbox 835 2380 977 2413; x_wconf 79' lang='lat' dir='ltr'>Troarn</span> <span class='ocrx_word' id='word_1_186' title='bbox 991 2379 1054 2413; x_wconf 73' lang='lat' dir='ltr'>des</span> <span class='ocrx_word' id='word_1_187' title='bbox 1074 2391 1159 2412; x_wconf 74' lang='lat'>1022</span> <span class='ocrx_word' id='word_1_188' title='bbox 1175 2395 1182 2422; x_wconf 77' lang='lat'>3</span> <span class='ocrx_word' id='word_1_189' title='bbox 1201 2379 1415 2413; x_wconf 76' lang='lat' dir='ltr'>neanmoins</span> <span class='ocrx_word' id='word_1_190' title='bbox 1432 2378 1465 2412; x_wconf 88' lang='lat' dir='ltr'>le</span> <span class='ocrx_word' id='word_1_191' title='bbox 1484 2378 1642 2424; x_wconf 83' lang='lat' dir='ltr'>premier</span> <span class='ocrx_word' id='word_1_192' title='bbox 1661 2378 1767 2422; x_wconf 76' lang='lat' dir='ltr'>supe-</span> 
     </span>
     <span class='ocr_line' id='line_1_27' title="bbox 350 2435 1767 2483; baseline -0.002 -12"><span class='ocrx_word' id='word_1_193' title='bbox 350 2438 450 2471; x_wconf 84' lang='lat' dir='ltr'>rieur</span> <span class='ocrx_word' id='word_1_194' title='bbox 484 2437 646 2483; x_wconf 76' lang='lat' dir='ltr'>regulier</span> <span class='ocrx_word' id='word_1_195' title='bbox 683 2437 727 2470; x_wconf 85' lang='lat' dir='ltr'>de</span> <span class='ocrx_word' id='word_1_196' title='bbox 752 2449 791 2471; x_wconf 85' lang='lat' dir='ltr'>ee</span> <span class='ocrx_word' id='word_1_197' title='bbox 825 2438 1049 2481; x_wconf 61' lang='lat' dir='ltr'>monastere,</span> <span class='ocrx_word' id='word_1_198' title='bbox 1077 2437 1258 2480; x_wconf 68' lang='lat' dir='ltr'>Gen-bert,</span> <span class='ocrx_word' id='word_1_199' title='bbox 1288 2450 1331 2470; x_wconf 68' lang='lat' dir='ltr'>ne</span> <span class='ocrx_word' id='word_1_200' title='bbox 1361 2442 1463 2483; x_wconf 77' lang='lat' dir='ltr'>porta</span> <span class='ocrx_word' id='word_1_201' title='bbox 1482 2436 1588 2482; x_wconf 81' lang='lat' dir='ltr'>point</span> <span class='ocrx_word' id='word_1_202' title='bbox 1616 2435 1647 2469; x_wconf 86' lang='lat' dir='ltr'>le</span> <span class='ocrx_word' id='word_1_203' title='bbox 1681 2435 1767 2469; x_wconf 85' lang='lat' dir='ltr'>titre</span> 
     </span>
     <span class='ocr_line' id='line_1_28' title="bbox 351 2491 1763 2543; baseline -0.003 -14"><span class='ocrx_word' id='word_1_204' title='bbox 351 2496 496 2539; x_wconf 65' lang='lat' dir='ltr'>d’abhe,</span> <span class='ocrx_word' id='word_1_205' title='bbox 529 2496 592 2543; x_wconf 80' lang='lat' dir='ltr'>qui</span> <span class='ocrx_word' id='word_1_206' title='bbox 625 2509 670 2530; x_wconf 87' lang='lat' dir='ltr'>ne</span> <span class='ocrx_word' id='word_1_207' title='bbox 699 2497 754 2530; x_wconf 81' lang='lat' dir='ltr'>sut</span> <span class='ocrx_word' id='word_1_208' title='bbox 784 2497 859 2542; x_wconf 81' lang='lat' dir='ltr'>pris</span> <span class='ocrx_word' id='word_1_209' title='bbox 881 2508 952 2542; x_wconf 73' lang='lat' dir='ltr'>que</span> <span class='ocrx_word' id='word_1_210' title='bbox 971 2509 1034 2542; x_wconf 73' lang='lat' dir='ltr'>par</span> <span class='ocrx_word' id='word_1_211' title='bbox 1055 2496 1224 2537; x_wconf 73' lang='lat' dir='ltr'>Durand,</span> <span class='ocrx_word' id='word_1_212' title='bbox 1260 2508 1323 2529; x_wconf 79' lang='lat' dir='ltr'>son</span> <span class='ocrx_word' id='word_1_213' title='bbox 1351 2506 1572 2537; x_wconf 77' lang='lat' dir='ltr'>successeur,</span> <span class='ocrx_word' id='word_1_214' title='bbox 1594 2506 1639 2528; x_wconf 84' lang='lat' dir='ltr'>en</span> <span class='ocrx_word' id='word_1_215' title='bbox 1666 2491 1763 2538; x_wconf 66' lang='grc' dir='ltr'>1059Δ</span> 
     </span>
     <span class='ocr_line' id='line_1_29' title="bbox 352 2554 1767 2603; baseline -0.003 -13"><span class='ocrx_word' id='word_1_216' title='bbox 352 2557 504 2590; x_wconf 68' lang='lat' dir='ltr'>Arnuli&#39;c</span> <span class='ocrx_word' id='word_1_217' title='bbox 525 2557 705 2603; x_wconf 67' lang='lat' dir='ltr'>reinplaqa</span> <span class='ocrx_word' id='word_1_218' title='bbox 721 2570 760 2590; x_wconf 81' lang='lat' dir='ltr'>ce</span> <span class='ocrx_word' id='word_1_219' title='bbox 777 2556 925 2590; x_wconf 82' lang='lat' dir='ltr'>dernier</span> <span class='ocrx_word' id='word_1_220' title='bbox 945 2570 989 2590; x_wconf 85' lang='lat' dir='ltr'>en</span> <span class='ocrx_word' id='word_1_221' title='bbox 1015 2557 1100 2591; x_wconf 68' lang='lat'>1088</span> <span class='ocrx_word' id='word_1_222' title='bbox 1114 2584 1123 2600; x_wconf 85' lang='lat'>‚</span> <span class='ocrx_word' id='word_1_223' title='bbox 1145 2565 1180 2590; x_wconf 80' lang='lat' dir='ltr'>et</span> <span class='ocrx_word' id='word_1_224' title='bbox 1199 2562 1348 2590; x_wconf 76' lang='lat' dir='ltr'>mourut</span> <span class='ocrx_word' id='word_1_225' title='bbox 1367 2569 1410 2590; x_wconf 82' lang='lat' dir='ltr'>cn</span> <span class='ocrx_word' id='word_1_226' title='bbox 1433 2566 1531 2589; x_wconf 80' lang='lat'>1112.</span> <span class='ocrx_word' id='word_1_227' title='bbox 1551 2554 1601 2588; x_wconf 87' lang='lat' dir='ltr'>Ce</span> <span class='ocrx_word' id='word_1_228' title='bbox 1620 2564 1767 2600; x_wconf 74' lang='lat' dir='ltr'>passage</span> 
     </span>
     <span class='ocr_line' id='line_1_30' title="bbox 354 2614 1337 2650; baseline 0.001 -4"><span class='ocrx_word' id='word_1_229' title='bbox 354 2614 487 2647; x_wconf 72' lang='lat' dir='ltr'>semble</span> <span class='ocrx_word' id='word_1_230' title='bbox 506 2616 604 2648; x_wconf 65' lang='lat' dir='ltr'>avoir</span> <span class='ocrx_word' id='word_1_231' title='bbox 623 2616 681 2649; x_wconf 77' lang='lat' dir='ltr'>ete</span> <span class='ocrx_word' id='word_1_232' title='bbox 699 2614 792 2648; x_wconf 70' lang='lat' dir='ltr'>ecrit</span> <span class='ocrx_word' id='word_1_233' title='bbox 806 2615 1118 2650; x_wconf 76' lang='lat' dir='ltr'>anterieurement</span> <span class='ocrx_word' id='word_1_234' title='bbox 1137 2617 1155 2649; x_wconf 70' lang='lat' dir='ltr'>a</span> <span class='ocrx_word' id='word_1_235' title='bbox 1175 2627 1207 2649; x_wconf 82' lang='lat' dir='ltr'>sa</span> <span class='ocrx_word' id='word_1_236' title='bbox 1228 2621 1337 2649; x_wconf 81' lang='lat' dir='ltr'>niort.</span> 
     </span>
    </p>

    <p class='ocr_par' dir='ltr' id='par_1_5' title="bbox 400 2674 1199 2721">
     <span class='ocr_line' id='line_1_31' title="bbox 400 2674 1199 2721; baseline 0.004 -15"><span class='ocrx_word' id='word_1_237' title='bbox 400 2675 449 2718; x_wconf 81' lang='grc' dir='ltr'>(ι)</span> <span class='ocrx_word' id='word_1_238' title='bbox 466 2674 705 2709; x_wconf 63' lang='lat' dir='ltr'>(joui-cernuli:</span> <span class='ocrx_word' id='word_1_239' title='bbox 724 2676 805 2721; x_wconf 71' lang='lat' dir='ltr'>pres</span> <span class='ocrx_word' id='word_1_240' title='bbox 823 2676 1016 2721; x_wconf 71' lang='lat' dir='ltr'>Mortagnc</span> <span class='ocrx_word' id='word_1_241' title='bbox 1033 2677 1042 2719; x_wconf 63' lang='grc' dir='ltr'><em>ζ</em></span> <span class='ocrx_word' id='word_1_242' title='bbox 1057 2675 1159 2710; x_wconf 78' lang='lat' dir='ltr'>Orne</span> <span class='ocrx_word' id='word_1_243' title='bbox 1174 2677 1199 2719; x_wconf 81' lang='lat'>).</span> 
     </span>
    </p>

    <p class='ocr_par' dir='ltr' id='par_1_6' title="bbox 355 2730 1769 2828">
     <span class='ocr_line' id='line_1_32' title="bbox 401 2730 1769 2782; baseline -0.002 -18"><span class='ocrx_word' id='word_1_244' title='bbox 401 2733 450 2776; x_wconf 74' lang='lat'>(¹2)</span> <span class='ocrx_word' id='word_1_245' title='bbox 470 2732 681 2767; x_wconf 70' lang='lat' dir='ltr'>Guillamnc</span> <span class='ocrx_word' id='word_1_246' title='bbox 702 2735 742 2767; x_wconf 59' lang='lat' dir='ltr'>V·</span> <span class='ocrx_word' id='word_1_247' title='bbox 765 2734 809 2768; x_wconf 84' lang='lat' dir='ltr'>de</span> <span class='ocrx_word' id='word_1_248' title='bbox 835 2734 1012 2779; x_wconf 60' lang='lat' dir='ltr'>Belle-mc,</span> <span class='ocrx_word' id='word_1_249' title='bbox 1042 2736 1127 2782; x_wconf 54' lang='lat' dir='ltr'>perv</span> <span class='ocrx_word' id='word_1_250' title='bbox 1147 2734 1190 2769; x_wconf 77' lang='lat' dir='ltr'>(lc</span> <span class='ocrx_word' id='word_1_251' title='bbox 1211 2733 1422 2768; x_wconf 72' lang='lat' dir='ltr'>(luillaumc</span> <span class='ocrx_word' id='word_1_252' title='bbox 1442 2730 1577 2764; x_wconf 53' lang='lat' dir='ltr'>Tali-az.</span> <span class='ocrx_word' id='word_1_253' title='bbox 1601 2731 1651 2764; x_wconf 66' lang='lat' dir='ltr'>(je</span> <span class='ocrx_word' id='word_1_254' title='bbox 1673 2740 1769 2763; x_wconf 82' lang='lat' dir='ltr'>com-</span> 
     </span>
     <span class='ocr_line' id='line_1_33' title="bbox 355 2791 946 2828; baseline 0.005 -3"><span class='ocrx_word' id='word_1_255' title='bbox 355 2793 413 2825; x_wconf 59' lang='lat' dir='ltr'>hat</span> <span class='ocrx_word' id='word_1_256' title='bbox 434 2805 451 2825; x_wconf 77' lang='lat' dir='ltr'>a</span> <span class='ocrx_word' id='word_1_257' title='bbox 471 2791 519 2825; x_wconf 63' lang='lat' dir='ltr'>(lusi</span> <span class='ocrx_word' id='word_1_258' title='bbox 542 2792 638 2825; x_wconf 67' lang='lat' dir='ltr'>amix-</span> <span class='ocrx_word' id='word_1_259' title='bbox 657 2791 730 2826; x_wconf 70' lang='lat' dir='ltr'>lim</span> <span class='ocrx_word' id='word_1_260' title='bbox 750 2805 826 2827; x_wconf 75' lang='lat' dir='ltr'>vers</span> <span class='ocrx_word' id='word_1_261' title='bbox 850 2806 946 2828; x_wconf 66' lang='lat'>1020.</span> 
     </span>
    </p>
   </div>
  </div>
 </body>
</html>
