1951 3194
582 233 733 271 LIBER
766 235 1004 281 QUINTUS.
1429 237 1503 273 ²1:35}

288 312 425 344 Dilecto
444 312 536 356 patri
556 311 714 344 Radulso
734 312 972 358 metropolita·v
990 312 1039 356 (ι)

288 369 391 402 Plura
412 375 612 403 coessentes
629 380 671 402 ex
691 369 768 414 ejus
786 370 921 404 liabent
940 369 1131 403 meditatis.

282 429 356 470 Qui
375 429 460 462 licet
478 428 632 473 insignis
650 435 744 462 esset
760 429 958 463 virtutibus
976 428 1097 470 almis,

290 489 368 522 Non
388 495 509 523 tamen
527 488 679 522 omnino
697 489 815 523 caruit
832 489 944 524 livore
963 489 1016 523 vel
1036 489 1099 522 ira„

285 548 377 591 Quis
396 547 472 581 sine
488 554 635 593 peccato
654 546 745 581 valet
763 548 856 582 lianc
876 554 1125 582 transcurrere
1146 549 1252 581 vitan]
1266 548 1279 580 Ξ)

288 608 387 640 Unus
402 607 537 640 habens
554 613 707 640 matrem
727 607 804 640 Sine
823 614 925 653 patre
937 635 946 650 ,
966 614 1106 653 patrem
1124 607 1199 641 sine
1220 614 1352 649 matre,

286 666 411 712 'Exegit
428 666 507 699 vitae
527 677 674 699 cursum
696 666 772 699 sine
790 665 939 700 vulnere
957 666 1082 712 culpae.

285 726 435 759 Saucius
454 725 624 758 humanis
642 725 847 759 excessibus
866 732 975 771 atque
996 731 1163 770 gravatus
1176 753 1184 767 ,

291 784 448 819 Verbere
467 783 591 817 divino
611 790 814 829 correptus,
842 784 940 818 flevit
958 795 1092 817 amare.

282 843 578 890 Stranguiriae(2)
597 843 726 878 morbo
745 844 886 890 gemuit
903 843 1088 878 cruciante
1108 842 1277 885 molesto,

283 903 494 949 Crebraque
511 903 671 949 septenis
691 903 844 950 suspiria
863 902 1018 949 protulit
1034 902 1151 936 annis.

284 962 342 995 Sic
360 973 442 995 caro
458 962 653 1007 peccatrix,
674 973 741 1008 pro
759 961 875 1008 culpis
894 961 1038 996 subdita
1052 961 1186 1008 flagris,

285 1020 440 1055 Pertulit
453 1028 619 1056 exertum
636 1022 852 1057 medicantis
864 1022 949 1068 jure
967 1021 1163 1068 flagellum.

286 1082 494 1116 promeruit
512 1081 598 1116 caedi
618 1082 719 1128 virga
735 1082 849 1129 patris
867 1088 977 1129 atque
995 1082 1180 1128 magistri,

288 1140 341 1174 Ad
359 1152 469 1188 quem
488 1153 571 1175 cum
588 1140 758 1188 lacrymis
777 1141 943 1175 clamavit
960 1141 1113 1176 anhelus
1131 1140 1268 1175 obortis
1280 1171 1288 1183 ,

286 1198 337 1232 Ut
356 1198 425 1233 sihi
443 1198 626 1245 placatum
640 1200 833 1234 meruisset
851 1211 1001 1234 cernere
1018 1198 1159 1233 vultum

286 1256 427 1291 judicis
443 1257 588 1292 aetherei
609 1264 690 1304 post
706 1258 816 1292 sunus
832 1258 981 1304 spiritus
998 1257 1090 1303 ejus.

296 1316 362 1350 istc
380 1328 479 1351 sacer
497 1317 698 1352 monachus
711 1345 720 1360 ,
742 1317 831 1351 dum
851 1329 922 1352 nox
939 1324 1018 1352 erat
1035 1329 1134 1364 aequa
1152 1315 1224 1350 diei
1236 1344 1245 1358 ,

289 1377 385 1411 Exiit
402 1389 421 1411 e
440 1377 619 1420 tenebris,
641 1377 862 1425 mundique,
885 1378 1057 1424 necisque
1076 1376 1258 1423 procellis.

287 1436 455 1471 Christus
470 1437 503 1471 ei
522 1436 640 1471 lucem
659 1436 737 1480 det,
762 1443 1050 1483 perpetuamque
1068 1436 1247 1483 quietem,

284 1494 325 1527 ln
345 1495 460 1541 patria
479 1492 571 1530 lucis
590 1502 625 1530 et
644 1507 784 1530 amoena
805 1494 889 1530 sede
908 1495 1061 1542 quietis!
1080 1495 1212 1529 Amen.

167 1575 305 1621 xlx.
346 1575 488 1623 Anno
520 1575 578 1622 ab
610 1577 934 1622 incarnatione
964 1574 1156 1622 Domini
1195 1583 1251 1619 Μ0
1281 1584 1393 1618 Lxx⁰
1422 1582 1511 1629 Vl⁰,

105 1651 362 1699 indictione
380 1660 498 1708 X1V³‚
520 1653 635 1698 dum
654 1652 932 1700 Goisbertus
949 1650 1157 1697 medicus
1176 1651 1511 1712 compatriotas

101 1745 208 1772 suos
223 1739 269 1774 et
285 1729 458 1776 amicos
473 1728 521 1774 in
543 1729 713 1776 Gallias
735 1729 979 1784 visitasset,
997 1737 1043 1774 et
1062 1727 1268 1774 officium
1283 1725 1395 1771 artis
1415 1743 1511 1771 suae

105 1805 422 1868 indigentibus
437 1817 575 1870 atque
590 1805 861 1869 petentibus
879 1804 1205 1868 impendisset3
1221 1804 1378 1867 plures
1392 1804 1511 1848 ami-

103 1899 267 1926 cornm
294 1893 340 1928 et
368 1882 674 1927 familiarium
701 1900 920 1937 suorum,
948 1880 1121 1945 quibus
1144 1891 1279 1927 antea
1309 1880 1511 1927 fideliter

101 1970 202 2005 arte
232 1977 308 2004 sua
342 1960 590 2015 servierat,
630 1959 772 2015 adiit,
809 1970 855 2006 et
888 1960 944 2005 de
981 1960 1073 2004 suis
1106 1957 1510 2022 superfluitatibus

103 2037 420 2101 <eleemosynas
450 2037 601 2083 faeere
634 2054 723 2100 pro
753 2048 927 2084 aeterna
960 2036 1107 2082 salute
1140 2034 1413 2099 benigniter
1440 2036 1510 2081 in-

104 2115 291 2169 citavit,
321 2115 616 2179 maximeque
639 2114 696 2161 de
721 2114 790 2160 his
813 2113 977 2170 rebus,
1003 2132 1110 2178 quae
1132 2113 1188 2159 ad
1210 2113 1377 2159 laicam
1400 2131 1511 2176 per-

104 2211 268 2238 sonam
292 2210 391 2239 non
418 2193 685 2255 pertinent,
713 2191 956 2238 monachis
983 2192 1029 2237 S.
1059 2190 1246 2236 Ebrulfi
1270 2190 1380 2237 dare
1406 2190 1511 2237 illos

105 2269 369 2316 admonuit.
390 2269 463 2315 Ad
480 2270 676 2317 Petrum
695 2269 1020 2324 Manliensem,
1045 2268 1195 2314 filium
1213 2266 1409 2313 Ansoldi
1428 2267 1513 2312 Di-

107 2348 214 2393 vitis
233 2347 519 2403 Parisiensis‚
543 2346 751 2402 divertit,
772 2357 818 2393 et
838 2347 962 2393 inter
984 2345 1162 2409 reliqua
1182 2343 1511 2390 familiaritatis

107 2437 154 2471 et
189 2426 407 2471 amicitiae
440 2426 676 2490 colloquia
707 2425 841 2471 illum
865 2423 1114 2478 convenit,
1149 2425 1420 2487 ipsumque,
1460 2432 1513 2467 ut

108 2503 318 2549 ecclesias
332 2502 388 2550 de
407 2503 578 2549 Manlia
596 2502 838 2549 monachis
858 2500 1158 2549 Uticensibus
1182 2500 1405 2557 donaret,
1429 2500 1512 2548 ob—

153 2673 201 2713 1¹)
232 2669 344 2703 llaoul
364 2669 395 2703 lc
417 2668 535 2709 Verd,
558 2670 780 2715 arctiori-quc
800 2669 843 2702 (lc
864 2669 985 2703 lleims
1006 2668 1257 2711 (1108-1124).

155 2730 202 2772 (a)
233 2730 326 2763 liiscz
381 2732 610 2773 stranguria&
