1951 3194
145 253 281 303 [1066]
633 245 786 283 LIBER
816 243 1050 281 TERTIUS.
1477 243 1552 278 153

143 333 274 396 puit;
313 328 561 392 iudignum
591 326 765 372 ducens
804 334 858 369 ut
888 323 944 370 ad
975 321 1167 369 libitum
1197 322 1360 367 matris
1392 321 1559 384 sepeli--

144 419 292 463 retur,
337 409 466 470 cujus
507 404 569 452 ob
605 405 803 450 nimiam
844 401 1151 466 cupiditatem
1190 397 1559 446 innumerabiles

145 485 364 549 insepulti
405 492 721 530 remanerent.
765 483 867 544 Ipse
901 480 994 525 suis
1028 481 1270 544 ingentem
1307 475 1559 541 sepeliendi

146 582 307 609 curam
332 561 541 609 exhiberi
567 559 821 625 praecepit3
846 558 1009 623 Anglis
1040 576 1234 623 quoque
1263 556 1446 603 cunctis
1473 573 1561 601 vo-

148 639 354 688 lentibus
391 656 604 704 quosque
634 638 689 683 ad
722 636 1016 682 humandum
1050 635 1249 682 liberam
1282 643 1563 699 potestatem

149 718 394 764 concessit.
444 716 547 762 Suis
588 726 745 761 autem
790 724 934 777 prout
982 724 1096 759 tunc
1142 713 1300 759 decuit
1342 711 1561 775 sepultis,

151 795 463 841 Romaneium
490 793 563 856 (ι)
589 792 809 849 accessit,
845 801 891 838 et
915 791 1192 855 expugnatis
1226 789 1297 836 his
1323 789 1404 853 qui
1440 789 1566 833 intus

152 882 310 927 erant,
346 869 522 916 cladem
552 886 748 915 suorum
781 867 1070 925 vindicavit,
1104 883 1223 931 quos
1258 865 1370 911 illuc
1404 882 1566 912 errore

151 949 368 1012 appulsos
411 947 506 994 fera
553 965 666 1012 gens
710 946 873 993 adorta
920 944 1087 1009 praelio
1132 944 1320 1000 fuerat,
1372 952 1418 989 et
1459 959 1568 987 cum

152 1027 358 1072 maximo
392 1026 637 1089 utriusque
668 1025 814 1087 partis
840 1023 1131 1070 detrimento
1158 1021 1361 1068 fuderat.

215 1103 392 1151 Deinde
415 1103 511 1149 dux
540 1103 788 1150 contendit
810 1103 1070 1157 Doveram,
1099 1100 1179 1147 ubi
1208 1100 1386 1146 multus
1410 1116 1569 1164 popu—

156 1182 223 1226 lus
248 1190 556 1244 congregatus
585 1190 685 1226 erat
711 1197 799 1242 pro
834 1178 1213 1243 inexpugnabili,
1240 1189 1294 1224 ut
1325 1176 1414 1223 sibi
1443 1176 1574 1223 vide-

154 1258 311 1315 batur,
338 1258 637 1314 munitione3
667 1258 774 1322 quia
801 1256 847 1302 id
868 1256 1111 1304 castellum
1132 1257 1276 1301 situm
1297 1265 1365 1302 est
1389 1255 1438 1300 in
1458 1271 1573 1299 acu-

158 1337 331 1383 tissima
372 1354 489 1399 rupe
534 1337 650 1381 mari
696 1336 935 1400 contigua.
981 1333 1230 1380 castellani
1266 1343 1424 1379 autem
1459 1331 1573 1377 dum

156 1413 450 1461 obsidentem
483 1413 651 1460 ducem
681 1423 975 1469 metuerent,
1008 1411 1335 1476 supplicesque
1368 1409 1575 1455 deditio-

158 1510 266 1539 nem
290 1501 538 1555 pararent,
568 1491 963 1538 Normannorum
989 1490 1209 1554 armigeri
1238 1505 1327 1552 pro
1353 1486 1576 1551 cupidine

157 1570 330 1635 praedae
372 1571 528 1635 ignem
572 1570 864 1632 injecerunt,
907 1579 953 1615 et
989 1568 1144 1614 voraci
1185 1566 1371 1612 flamma
1412 1565 1578 1611 leviter

160 1648 387 1695 volitante
427 1648 651 1712 pleraque
689 1657 904 1711 correpta
942 1657 989 1693 et
1024 1645 1269 1693 combusta
1308 1654 1436 1691 sunt..
1472 1644 1577 1688 Dux

161 1738 317 1773 autem
355 1725 530 1772 damno
569 1742 735 1772 eorum
774 1726 854 1790 qui
897 1724 983 1770 sibi
1032 1723 1232 1770 subdere
1273 1741 1320 1770 se
1356 1720 1580 1770 volebant

163 1821 428 1868 compassus
475 1814 574 1859 est,
618 1803 921 1867 pretiumque
964 1800 1365 1848 restituendarum
1406 1798 1581 1845 aedium

161 1881 313 1938 dedit,
341 1882 521 1945 aliaque
550 1881 710 1926 amissa
740 1879 1131 1943 recompensavit.
1165 1879 1375 1941 Recepto
1406 1886 1579 1933 castro,

163 1977 259 2025 quo
289 1960 447 2005 minus
482 1970 581 2005 erat
613 1975 697 2022 per
727 1957 823 2004 dics
852 1968 963 2004 octo
994 1956 1219 2002 munivit.
1259 1954 1435 2001 Milites
1466 1970 1581 2000 vero

164 2035 431 2084 recentibus
458 2036 552 2082 illic
584 2035 803 2082 carnibus
831 2046 877 2082 et
904 2054 1020 2101 aqua
1053 2045 1262 2091 utentes,
1297 2033 1434 2079 multi
1467 2049 1582 2096 pro-

166 2115 311 2161 ssuvio
328 2114 506 2161 ventris
523 2113 719 2160 extincti
737 2124 850 2159 sunt
863 2152 874 2174 ,
890 2114 1182 2177 plurimique
1199 2129 1347 2177 usque
1365 2111 1421 2157 ad
1436 2109 1582 2156 finem

166 2195 276 2239 vitae
303 2191 534 2239 debilitati
569 2201 697 2238 sunt.
732 2193 841 2238 Dux
867 2191 984 2238 inibi
1013 2190 1273 2238 custodiam
1306 2189 1581 2253 relinquens

169 2279 215 2314 et
241 2268 530 2333 dyssenteria
553 2269 846 2333 languentes,
868 2269 925 2315 ad
951 2268 1329 2333 perdomandum
1355 2282 1475 2330 qnos
1500 2264 1583 2310 de-

172 2346 284 2391 vicit
314 2346 648 2408 proficiscitur.
681 2347 823 2394 Ultro
857 2347 1098 2393 Cantuarii
1133 2346 1204 2409 (2)
1231 2361 1329 2391 non
1365 2341 1530 2406 procul
1559 2359 1583 2385 a

172 2423 352 2469 Dovera
376 2434 661 2481 occurrunt,
690 2424 965 2472 fidelitatem
980 2427 1145 2489 jurant
1171 2435 1217 2470 et
1241 2421 1425 2470 obsides
1448 2419 1580 2465 dant.

219 2598 268 2641 (π)
294 2595 473 2641 Ronluey.

220 2656 268 2699 (ἰ)
293 2654 344 2689 Ce
358 2661 436 2688 mot
453 2666 497 2688 ne
511 2654 653 2700 signifie
671 2665 732 2699 pas
747 2653 793 2686 ici
810 2652 859 2686 les
877 2652 1060 2686 habitants
1075 2651 1120 2684 de
1134 2648 1376 2694 Canterbury,
1394 2647 1483 2681 mais
1497 2658 1586 2680 ceux

176 2714 219 2747 ‹le
236 2721 317 2749 tout
340 2714 372 2747 le
397 2715 515 2748 comte
541 2712 585 2747 de
611 2714 716 2747 Kent.
740 2712 891 2746 Snivant
917 2711 988 2744 Gui
1016 2710 1221 2752 d‘Amiens,
1242 2707 1454 2744 Guillaume
1479 2707 1587 2740 serait

177 2775 267 2805 resti}
290 2773 373 2819 cinq
387 2772 490 2817 jonrs
506 2772 594 2805 dans
613 2783 675 2804 son
692 2783 796 2816 camp
814 2769 1036 2814 d’llaslings.
1059 2773 1089 2803 Α
1110 2768 1236 2803 moitie
1255 2766 1400 2801 chemin
1420 2765 1465 2799 de
1485 2765 1585 2798 Don-

176 2844 226 2864 rrt
240 2845 270 2865 s.
294 2831 314 2864 il
336 2832 445 2865 aurai!
470 2833 660 2866 rencone-s·
679 2830 727 2864 lues
742 2830 925 2864 habitant<
940 2830 1000 2875 qni
1020 2828 1069 2863 lui
1086 2841 1128 2863 cn
1153 2828 1379 2875 apportaicnt
1398 2826 1445 2860 les
1465 2824 1563 2859 cless.
