1951 3194
599 291 752 331 LIBER
783 292 1025 340 QUINTUS.
1453 297 1530 334 325

118 387 251 425 rans,
289 387 397 415 cum
424 370 628 429 Quirino
654 370 930 434 presbytero
953 389 1004 417 ac
1031 371 1285 418 Scuviculo
1309 371 1528 429 diacono,

118 456 165 490 νο
198 446 299 492 idus
328 446 538 495 octobris
569 448 825 495 decollatus
853 459 939 495 est,
968 450 1182 513 Corpora
1218 467 1330 496 vero
1364 467 1529 497 eorum

119 522 309 582 avibus,
342 524 572 588 improbis
597 524 814 580 canibus,
842 525 1046 589 ferisque
1077 526 1285 572 voranda
1315 545 1337 572 a
1370 545 1533 590 perse—

119 600 366 648 cutoribus
396 601 617 649 derelicta
645 610 779 658 sunm
808 602 885 649 sed
909 604 1041 665 jussu
1071 604 1417 668 omnipotentis
1447 605 1531 652 Dei

120 678 178 724 ab
209 679 385 744 augelis
417 680 591 725 intacta
626 679 857 726 custodita
893 691 1022 725 sunt.
1063 681 1248 727 Deinde
1281 692 1534 747 postquam

119 755 308 819 profani
333 755 552 802 satellites
576 766 894 811 recesserunt,
924 756 1192 803 succedenti
1217 768 1360 805 nocte
1385 760 1532 806 sancti

119 845 350 898 martyres
373 833 529 879 divina
554 851 644 897 ope
661 833 946 881 mirabiliter
969 835 1112 882 erecti
1137 846 1274 893 suut,
1297 846 1345 883 et
1368 836 1535 901 appre-

120 910 273 956 hensis
303 908 535 973 capitibus
558 911 651 956 suis
675 909 877 956 fluvium
904 911 1078 975 Eptam
1110 911 1230 958 vado
1259 912 1536 960 hominibus

119 989 366 1053 incognito
389 988 710 1046 transierunt,
738 1000 785 1036 et
815 989 864 1035 in
900 989 1048 1035 insula
1084 989 1291 1053 ejusdem
1322 990 1536 1036 {luminis

116 1066 434 1113 amoenissima
458 1067 795 1130 requieverunt
821 1067 912 1130 (1).
939 1066 1013 1113 Ob
1037 1068 1318 1115 memoriam
1343 1077 1537 1114 sancto-

116 1161 242 1200 rum,
264 1143 342 1190 ille
359 1143 489 1190 locus
507 1154 682 1191 extunc
701 1161 849 1208 usque
866 1144 916 1189 in
934 1143 1222 1191 hodiernum
1239 1145 1366 1192 diem
1381 1145 1501 1193 Vani
1521 1166 1532 1191 :

118 1220 163 1266 id
187 1230 256 1267 est
280 1220 451 1266 vadum
475 1220 652 1285 Nigasii
677 1230 979 1284 nuncupatus
1001 1231 1070 1267 est
1089 1221 1184 1283 (2);
1216 1221 1265 1267 in
1290 1238 1389 1286 quo
1414 1221 1537 1268 Deus

119 1308 389 1361 martyrum
424 1298 605 1344 meritis
641 1298 791 1343 multa
826 1296 1054 1345 beneficia
1092 1298 1295 1345 fideliter
1333 1316 1538 1363 poscen-

120 1373 247 1420 tibus
271 1374 461 1438 largitus
481 1385 567 1421 est.
589 1375 745 1420 Prisca
761 1375 1023 1438 gentilitas,
1047 1373 1205 1421 obiter
1225 1376 1536 1440 martyrizato

120 1451 455 1514 praedicatore,
484 1453 804 1517 Rotomagum
827 1453 909 1499 diu
931 1453 1163 1516 possedit,
1194 1463 1242 1499 et
1274 1453 1536 1500 innumeris

123 1528 360 1576 idolorum
387 1530 626 1594 spurcitiis
657 1547 805 1593 usque
835 1530 891 1576 ad
917 1540 1134 1576 sanctum
1165 1530 1426 1578 Mellonem
1459 1549 1537 1576 ar-

122 1604 475 1670 chiepiscopum
500 1607 717 1671 replevit.

185 1683 290 1729 VII.
317 1683 390 1731 Eo
413 1694 626 1748 tempore
648 1682 762 1730 fides
784 1683 958 1730 Christi
981 1684 1325 1731 Evanticorum
1351 1704 1360 1730 :
1392 1684 1438 1731 id
1467 1695 1537 1732 est

120 1760 303 1807 Ebroas
334 1760 502 1809 urbem
533 1778 673 1825 super
703 1763 912 1808 Ittonam
941 1761 1143 1807 fluvium
1169 1763 1238 1825 (5)
1268 1763 1405 1808 sitam
1431 1779 1536 1826 pos-

121 1838 299 1885 sidebat
336 1849 383 1885 et
425 1838 678 1885 salubriter
719 1838 1035 1884 illuminabat.
1071 1839 1191 1885 Nam
1223 1839 1335 1885 illuc
1371 1839 1535 1886 beatus

123 1917 359 1962 Taurinus
382 1934 403 1962 a
430 1916 662 1980 Dionysio
685 1915 923 1962 Machario
948 1917 1019 1979 (4)
1046 1916 1251 1963 directus
1276 1916 1459 1974 fuerat,
1487 1927 1536 1964 et

121 2087 222 2115 ment
241 2081 273 2114 le
292 2092 379 2115 nom
399 2079 444 2114 de
463 2080 496 2114 la
516 2079 804 2115 Roche-Guion.
824 2080 1005 2114 Sisinnius
1024 2086 1078 2114 est
1095 2092 1146 2115 un
1164 2092 1392 2127 personnage
1411 2081 1532 2129 oblige

120 2138 166 2173 de
183 2138 216 2172 la
234 2138 314 2185 plus
333 2137 470 2185 grande
487 2138 604 2184 partie
622 2137 684 2172 des
700 2137 869 2184 legendes
889 2138 1126 2185 apocrypheS.

169 2199 218 2246 (1)
246 2198 309 2235 On
328 2199 395 2234 sait
413 2211 485 2246 que
506 2209 564 2233 ces
584 2199 692 2233 recits
715 2198 759 2232 de
780 2198 889 2232 saints
910 2199 974 2246 qui
994 2206 1142 2245 portent
1158 2198 1255 2233 leurs
1279 2199 1370 2233 tetes
1386 2211 1431 2234 ne
1450 2206 1533 2233 sont

123 2258 250 2292 fondes
271 2270 343 2305 que
373 2269 435 2292 sur
460 2257 523 2292 des
546 2258 683 2303 images
711 2256 891 2291 ‹lestinees
915 2259 935 2291 a
960 2257 1131 2304 indiquer
1156 2269 1224 2291 aux
1251 2257 1372 2291 fideles
1396 2256 1532 2292 illetres

122 2318 156 2352 lc
175 2330 285 2365 genre
304 2318 349 2352 de
376 2318 456 2353 leur
479 2324 658 2364 martyre,
681 2323 717 2352 et
739 2317 802 2364 qui
819 2317 944 2351 furent
958 2318 1073 2363 prises
1092 2319 1111 2351 a
1135 2316 1167 2350 la
1188 2316 1294 2351 lettre
1312 2329 1377 2362 par
1394 2316 1444 2350 les
1469 2318 1530 2363 geo

124 2378 307 2412 nerations
325 2378 579 2424 posterieures.

171 2438 224 2482 (2)
249 2437 354 2472 Cette
369 2437 588 2483 etymologie
610 2436 701 2471 n’est
715 2447 778 2482 pas
798 2435 880 2482 plus
899 2436 1078 2471 heureuse
1099 2447 1169 2483 que
1186 2434 1219 2469 la
1234 2434 1466 2481 precedente.
1485 2435 1533 2469 Le

127 2507 214 2529 noni
244 2494 403 2541 primitis
428 2494 473 2529 de
500 2494 597 2529 Gani
609 2522 618 2538 ‚
654 2506 726 2541 que
756 2505 848 2528 nous
876 2494 1108 2529 connaissons
1138 2506 1204 2540 par
1233 2504 1304 2528 une
1336 2492 1461 2527 charte
1487 2492 1532 2527 de

127 2553 518 2596 Charles-le-Chauve,
539 2560 594 2588 est
619 2553 870 2588 Wadiniacus.

175 2611 224 2657 (3)
251 2604 404 2647 Evreux.
420 2632 466 2638 -
484 2612 620 2647 L’lton.

176 2672 225 2719 (4)
253 2673 331 2706 Mot
340 2673 411 2707 tire
419 2672 468 2706 du
481 2684 564 2718 grec
575 2679 611 2706 et
623 2683 820 2719 synonyme
831 2670 876 2705 de
886 2671 1032 2705 beatus.-
1045 2669 1309 2704 hienheureux.
1324 2669 1371 2702 La
1380 2667 1534 2714 legende

132 2731 242 2776 qu'on
255 2743 295 2765 va
305 2731 386 2775 lire,
400 2738 437 2766 et
450 2731 513 2778 qui
528 2738 581 2765 cst
595 2743 646 2765 un
659 2731 789 2766 exn—ait
799 2741 892 2764 assez
905 2729 1009 2764 fidele
1023 2728 1068 2764 de
1081 2728 1169 2763 celle
1186 2728 1296 2776 qu'on
1310 2734 1436 2762 trouve
1447 2727 1535 2762 dans

136 2788 165 2822 lv
186 2790 317 2824 recueil
336 2790 397 2824 des
421 2789 656 2825 hollandistes
675 2791 792 2831 (tome
814 2802 833 2823 u
855 2788 1014 2833 (Pactu),
1039 2801 1055 2822 a
1074 2789 1130 2823 ete
1145 2787 1239 2831 jetee
1260 2786 1347 2821 dans
1366 2786 1396 2821 le
1418 2785 1534 2820 meme
