1951 3194
177 221 314 270 [1070]
659 220 811 260 LIBER
842 221 1095 270 QUARTUS.
1514 226 1592 264 209

174 299 256 345 lati
280 298 577 363 disciplinam
602 300 943 360 instituebant,
965 313 1010 349 et
1036 302 1354 367 religiositatis
1380 305 1593 368 exempla

173 378 526 442 proponebant.
550 379 789 427 Coenobio
814 380 937 427 beati
961 381 1088 427 Petri
1112 381 1437 445 apostolorum
1462 383 1596 445 prin-

175 455 291 519 cipis
333 456 493 520 (quod
530 457 797 522 Anglorum
837 459 1019 520 primus
1058 459 1229 505 doctor
1266 470 1598 506 construxerat

174 534 498 598 Augustinus)
531 535 736 582 famosus
767 534 908 582 abhas
940 537 1132 582 scientia
1167 548 1213 584 et
1243 537 1458 585 bonitate
1486 540 1598 603 pol—

174 610 274 656 lens
312 611 533 674 praelatus
572 624 640 658 est
679 612 956 659 Scollandus
995 614 1083 677 (ι)
1129 615 1216 660 Hic
1255 633 1309 661 ex
1346 617 1596 665 nominato

175 699 419 736 stemmate
456 691 504 735 in
530 690 825 736 Normannia
860 701 1024 746 natUS,
1055 691 1101 736 in
1137 693 1596 740 Monte-Michaelis-

174 765 998 830 archangeli-ad-periculum-maris
1029 768 1311 831 regulariter
1343 769 1594 829 educatus,

174 844 230 890 ad
255 843 635 891 emendationem
662 861 852 891 morum
880 843 1145 890 Cantuariis
1169 863 1193 891 a
1219 845 1511 892 Normannis
1531 859 1600 894 est

174 921 414 984 praelatus.
443 921 672 968 Similiter
700 923 747 967 in
773 920 873 967 aliis
899 923 1198 969 monasteriis
1224 923 1314 968 cita
1344 924 1599 989 magistro-

173 1017 282 1046 rum
305 1001 509 1046 mutatio
533 1000 653 1046 facta
679 1009 774 1056 est,
805 1017 913 1064 quae
937 998 1219 1063 quibusdam
1246 1001 1375 1047 utilis
1405 1013 1452 1048 et
1476 1020 1599 1049 non-

174 1077 317 1123 nullis
335 1078 595 1142 periculosa
617 1087 713 1122 tam
733 1076 967 1140 magistris
987 1095 1129 1142 quam
1150 1076 1351 1124 subditis
1371 1078 1492 1125 facta
1510 1090 1595 1126 est.

241 1156 593 1202 Cantuariensis
620 1155 865 1211 cathedra,
907 1156 954 1202 in
991 1173 1081 1220 qua
1116 1155 1279 1203 sedens
1307 1156 1600 1222 Augustinus

173 1233 365 1281 decreto
383 1233 604 1297 Gregorii
630 1251 763 1297 papae
788 1232 982 1296 praefuit
1004 1232 1229 1280 omnibus
1249 1235 1480 1299 episcopis
1500 1237 1601 1282 Bri-

174 1312 371 1370 tanniae,
389 1311 606 1375 deposito
621 1311 850 1376 Stigando
870 1311 1055 1358 decreta
1073 1323 1140 1359 est
1154 1313 1421 1362 Lanfranco
1440 1313 1599 1361 Cado-

173 1390 409 1436 mensium
443 1388 632 1447 abbati,
673 1390 795 1454 regis
829 1401 876 1436 et
916 1391 1137 1436 omnium
1175 1391 1464 1455 optimatum
1503 1394 1600 1456 ejus

172 1469 394 1516 benivola
411 1468 658 1516 electione.
689 1469 777 1515 Hic
801 1486 856 1515 ex
882 1467 1032 1515 nobili
1058 1468 1298 1532 parentela
1324 1480 1485 1527 ortus,
1513 1471 1598 1516 Pa-

173 1547 264 1611 piae
290 1546 422 1593 urbis
452 1546 597 1593 ltaliae
623 1545 829 1603 civibus,
856 1545 914 1592 ab
940 1548 1076 1593 annis
1104 1546 1320 1594 infantiae
1351 1548 1400 1593 in
1426 1547 1598 1595 scholis

173 1623 444 1671 liberalium
467 1624 642 1670 artium
666 1623 874 1681 studuit,
901 1634 947 1670 et
972 1624 1270 1670 saecularium
1295 1625 1454 1690 legum
1474 1627 1600 1690 peri-

173 1703 287 1748 tiam
314 1702 371 1748 ad
400 1703 566 1766 patriae
597 1719 692 1748 suae
720 1719 906 1749 morem
940 1703 1209 1750 intentione
1242 1703 1353 1749 laica
1386 1703 1597 1750 fervidus

175 1779 384 1826 edidicit.
421 1779 814 1826 Adolescentulus
839 1789 1004 1827 orator
1026 1791 1274 1828 veteranos
1300 1781 1597 1829 adversantes

172 1859 221 1904 in
247 1856 513 1904 actionibus
539 1875 782 1904 causarum
808 1858 1085 1923 frequenter
1110 1859 1457 1923 praecipitavit,
1484 1870 1595 1908 tor-

172 1945 308 1981 rente
335 1934 555 1980 facundia
588 1935 801 1998 apposite
839 1934 1040 1981 dicendo
1076 1953 1207 1981 senes
1244 1936 1500 1999 superavit⁵
1541 1938 1593 1983 In

176 2014 268 2077 ipsa
296 2023 433 2059 aetate
459 2013 714 2059 sententias
748 2030 968 2076 promere
1003 2012 1184 2076 sapuit,
1213 2030 1327 2077 quas
1352 2023 1595 2075 gratanter

166 2091 429 2154 jurisperiti
458 2100 539 2142 aut
567 2090 746 2153 judices
770 2101 849 2136 aut
879 2101 1108 2154 praetores
1143 2091 1343 2136 civitatis
1376 2101 1594 2155 accepta—

172 2167 306 2214 bant.
335 2167 396 2212 At
428 2184 537 2212 cum
574 2167 621 2213 in
653 2166 794 2213 exilio
826 2167 956 2213 velut
985 2166 1119 2213 Plato
1150 2165 1391 2231 quondam
1426 2168 1594 2215 acade—

172 2247 322 2292 micus
360 2244 797 2309 philosopharetur,
840 2245 961 2309 ignis
1000 2255 1206 2292 aeternus
1246 2255 1457 2291 mentem
1496 2247 1593 2308 ejus

174 2323 415 2380 incendit,
442 2335 489 2370 et
518 2341 651 2371 amor
683 2341 807 2370 verae
841 2324 1082 2387 sapientiae
1115 2322 1247 2369 cordi
1283 2325 1380 2386 ejus
1411 2322 1586 2369 illuxit.

220 2550 270 2594 (1)
295 2548 346 2582 Ce
364 2558 590 2594 personnage
608 2547 695 2580 etait
713 2546 900 2593 peut-&tre
919 2546 1082 2580 membre
1100 2545 1145 2579 de
1162 2544 1194 2578 la
1212 2543 1347 2578 famille
1365 2543 1428 2590 qui
1445 2556 1464 2577 a
1483 2543 1587 2579 laisse

172 2620 237 2643 son
257 2620 341 2642 nom
362 2619 407 2641 au
422 2606 542 2652 bourg
563 2605 607 2639 (le
623 2606 888 2640 Pontecoulant
907 2621 912 2638 z
937 2606 1039 2639 Pons
1059 2603 1260 2639 Scollcmdi.
1280 2603 1311 2636 11
1330 2603 1418 2636 e'tait
1433 2602 1525 2638 abbe
1543 2604 1588 2639 de

173 2668 424 2703 Saint—Pierre
439 2666 483 2701 dc
498 2666 728 2711 Canterbury
743 2673 847 2700 avant
871 2677 956 2712 1072
969 2693 977 2707 ‚
998 2666 1138 2711 epoque
1157 2666 1175 2698 a
1190 2662 1344 2710 laquelle
1364 2662 1389 2696 il
1403 2663 1521 2710 siegea
1540 2677 1585 2699 au

173 2728 312 2763 concile
329 2728 373 2762 de
392 2726 860 2762 winchester-Windsor.
880 2725 910 2760 Il
930 2733 1079 2760 mourut
1097 2737 1142 2759 en
1162 2723 1366 2771 septembre
1391 2723 1491 2771 1087.

272 2804 320 2833 11.
1340 2788 1392 2842 ¹4
