1951 3194
146 225 414 275 [1075-1090]
625 225 777 264 LIBER
807 225 1060 274 QUARTUS.
1480 231 1551 267 291

144 315 403 361 noverant,
429 322 591 370 pacem
616 306 750 364 iniit,
784 317 831 354 et
854 306 1107 353 confestim
1134 324 1234 354 non
1257 307 1358 354 sine
1382 325 1557 374 magno

141 403 303 433 rerum
330 385 505 432 damno
531 386 740 433 recessit.
762 386 989 433 Tentoria
1016 397 1063 433 et
1085 387 1312 433 manticas
1342 404 1451 433 cum
1472 405 1560 435 va-

142 463 202 508 sis
226 473 274 509 et
297 463 439 508 armis
463 474 510 509 et
531 463 815 509 multimoda
838 464 1115 527 supellectili
1142 463 1358 511 celeriter
1381 464 1559 512 abeun-

142 550 209 585 tes
227 539 550 604 reliquerunt;
572 556 773 603 quarum
791 557 953 586 rerum
972 540 1271 604 dispendium
1294 542 1350 588 ad
1369 559 1433 590 xv
1449 543 1557 589 mil-

140 617 199 663 lia
224 616 454 663 librarum
479 617 797 664 sterilensium
822 616 1070 680 perdentes
1092 635 1202 664 cum
1225 619 1389 666 multis
1412 622 1558 685 gemi-

141 692 268 739 tibus
303 693 656 740 aestimaverunt
692 692 785 755 (1).
819 692 1002 740 Deinde
1032 694 1242 757 prudens
1274 713 1384 753 rex,
1424 707 1478 742 ut
1511 714 1559 744 se

141 771 332 818 vincere
356 771 532 817 virtute
564 770 785 817 Britones
819 787 920 818 non
956 788 1092 834 posse
1123 775 1397 837 prospexit,
1432 775 1560 822 aliud

144 848 392 896 consilium
437 847 526 893 sibi
564 848 859 912 posterisque
891 849 985 894 suis
1021 850 1327 896 commodum
1362 852 1561 899 solerter

142 925 483 989 praecogitavit.
513 926 635 971 Cum
664 924 852 972 Alanno
875 927 1125 990 Ferganno
1151 926 1311 973 foedus
1337 929 1560 976 amicitiae

141 1002 372 1060 firmavit,
394 1003 529 1068 eique
548 1003 876 1050 Constantiam
897 1003 1043 1050 filiam
1062 1022 1194 1050 suam
1215 1005 1264 1051 in
1284 1008 1561 1071 conjugium

142 1081 335 1128 Cadomi
362 1080 625 1128 honorifice
649 1081 905 1145 copulavit.
932 1082 1051 1142 Quae
1080 1100 1189 1129 cum
1219 1084 1322 1131 viro
1355 1102 1441 1132 suo
1463 1085 1563 1132 fere

142 1174 207 1204 xv
239 1158 374 1204 annis
400 1157 734 1205 venerabiliter
758 1159 907 1215 vixit,
942 1170 988 1206 et
1013 1170 1117 1207 toto
1142 1161 1314 1207 affectu
1341 1160 1564 1226 subjectis

141 1246 189 1281 et
226 1234 546 1282 coessentibus
586 1235 806 1299 prodesse
844 1235 1026 1282 studuit
1066 1238 1156 1300 (2).
1200 1238 1395 1302 Semper
1433 1241 1563 1286 enim

142 1315 322 1361 nectari
362 1313 486 1378 pacis
525 1313 752 1370 inhiavit,
788 1331 1018 1379 pauperes
1057 1316 1231 1362 amavit
1247 1352 1259 1373 ‚
1301 1334 1562 1382 omnesque

142 1391 229 1438 Dei
249 1390 456 1439 cultores
473 1401 756 1438 veneranter
775 1390 1053 1449 honoravit,
1075 1410 1193 1457 quos
1213 1395 1441 1440 nimirum
1461 1396 1562 1443 sine

142 1469 303 1516 liberis
341 1470 551 1518 moriens
591 1471 908 1517 contristavit.
952 1471 1200 1518 Amatores
1238 1473 1474 1537 aequitatis
1513 1474 1561 1520 in

142 1549 386 1595 Britannia
401 1549 609 1594 multum
625 1549 918 1605 exultarent,
945 1550 979 1595 si
998 1549 1055 1596 de
1072 1549 1314 1596 fortunata
1332 1553 1562 1616 progenie

143 1626 397 1672 laudabiles
414 1625 499 1673 sibi
524 1625 730 1673 haeredes
755 1627 1068 1690 imperarent3
1093 1628 1175 1692 qui
1197 1628 1400 1691 genuina
1421 1628 1562 1675 boni-

144 1715 238 1752 tate
262 1705 504 1752 indomitis
528 1703 806 1750 Britonibus
823 1705 1022 1768 justitiae
1045 1704 1217 1751 libram
1241 1706 1556 1763 insinuarent,

143 1800 315 1847 eosque
348 1784 609 1831 secundum
645 1799 865 1828 normam
898 1783 1073 1829 divinae
1112 1783 1225 1848 legis
1262 1794 1309 1830 et
1338 1783 1558 1831 humanae

144 1860 342 1905 rationis
372 1860 438 1905 ire
465 1869 707 1923 cogerent.
730 1860 1004 1923 Fergannus
1031 1877 1211 1917 comes,
1238 1871 1347 1924 post
1372 1861 1560 1908 obitum

191 2021 241 2065 (1)
265 2020 370 2054 Cette
387 2018 554 2053 sacheuse
571 2018 780 2065 expedition
801 2018 846 2053 de
864 2019 1077 2054 Guillaume
1095 2031 1140 2054 en
1157 2020 1336 2067 Bretagne
1352 2021 1562 2067 appartient

145 2082 163 2114 a
180 2079 319 2114 l'annee
343 2077 442 2126 1075,
463 2079 753 2113 conformement
768 2080 787 2112 a
805 2078 980 2125 l'opiuion
994 2079 1039 2114 de
1056 2080 1204 2114 Simeon
1219 2080 1264 2115 de
1282 2080 1447 2115 Durham
1462 2088 1499 2116 et
1514 2080 1560 2116 de

145 2139 268 2186 Roger
285 2138 330 2173 de
352 2138 540 2173 Hoveden.
566 2140 617 2173 Ce
635 2151 680 2173 ne
698 2139 754 2173 fut
771 2151 834 2186 pas
859 2139 1061 2174 seulement
1077 2139 1288 2187 l’approche
1306 2140 1451 2176 d’Alain
1470 2142 1561 2176 Fer—

147 2205 249 2245 gaut,
269 2199 359 2233 mais
375 2210 507 2233 encore
525 2198 612 2233 celle
626 2198 676 2233 du
695 2199 749 2234 roi
767 2199 812 2233 de
825 2200 855 2234 F
857 2212 964 2234 rauce
977 2212 1022 2234 en
1036 2212 1217 2247 personne
1234 2201 1297 2248 qui
1311 2201 1561 2248 l’engagerent

144 2260 164 2292 a
182 2258 341 2305 prendre
364 2258 392 2292 si
410 2258 693 2293 honteusement
718 2258 751 2292 la
774 2259 877 2294 suite.
901 2258 963 2295 On
981 2258 1025 2294 lit
1043 2259 1132 2294 dans
1154 2272 1227 2295 une
1247 2261 1373 2295 charte
1395 2260 1441 2294 de
1459 2261 1559 2295 Mar-

146 2319 305 2353 moutier
331 2333 338 2351 :
368 2318 524 2353 Factum
542 2324 596 2352 est
623 2319 689 2353 hoc
708 2321 746 2353 in
764 2332 862 2354 anno
886 2326 920 2353 et
945 2321 1035 2366 ipsis
1060 2320 1191 2355 diebus
1215 2320 1365 2368 quando
1391 2321 1470 2354 ibat
1495 2333 1562 2356 νεαν

148 2376 317 2411 Francia?
337 2376 531 2423 Philippus
547 2378 585 2411 in
602 2377 839 2412 Britanniam
857 2377 910 2412 ad
921 2378 1168 2425 pugnandum
1189 2391 1311 2425 regem
1330 2378 1541 2424 Anglorum
1552 2407 1559 2421 ,

146 2438 210 2483 qui
227 2436 280 2470 ibi
294 2435 487 2470 obsidebat
504 2436 638 2471 Dolum
654 2444 828 2472 castrum.

193 2496 244 2540 (2)
262 2494 363 2529 Nous
379 2507 424 2529 ne
438 2495 604 2529 saurions
621 2497 739 2531 croire
757 2509 829 2544 que
843 2509 883 2531 ce
900 2498 1061 2544 mariage
1080 2498 1131 2531 ait
1149 2509 1194 2531 eu
1210 2497 1284 2531 lieu
1298 2499 1317 2531 'a
1334 2509 1407 2531 une
1421 2498 1563 2545 epoque

147 2555 221 2589 tres
242 2553 469 2601 rapprochee
495 2554 541 2588 de
565 2554 598 2588 la
626 2555 938 2590 malencontreuse
963 2555 1173 2603 expedition
1202 2563 1328 2591 contre
1350 2556 1383 2590 la
1408 2556 1491 2592 ville
1517 2557 1563 2592 de

149 2611 228 2646 Dol.
250 2613 352 2647 Nous
371 2625 416 2647 ne
434 2624 596 2659 pouvons
616 2625 678 2659 pas
695 2612 895 2660 davantage
913 2613 946 2647 la
964 2613 1085 2660 placer
1105 2627 1188 2649 avec
1207 2614 1293 2649 dom
1313 2615 1498 2651 Lobineau
1515 2628 1562 2651 en

154 2671 259 2714 1086,
283 2673 397 2706 annee
423 2671 585 2718 pendant
606 2671 760 2719 laquelle
780 2671 993 2707 Guillaume
1017 2686 1062 2707 ne
1082 2674 1200 2720 quitta
1223 2686 1285 2721 pas
1304 2673 1559 2721 l'Angleterre.

150 2728 251 2763 Nous
268 2742 420 2775 croyons
442 2730 566 2764 devoir
586 2729 705 2777 plutot
719 2731 749 2764 la
771 2737 936 2777 reportet·
956 2743 1032 2765 vers
1057 2743 1153 2778 ¹⁰77·
