1951 3194
427 324 505 361 ‘296
794 319 1035 356 HISTORIA
1056 317 1468 356 ECCLESIASTICA.
1676 319 1796 366 [1078
1811 319 1840 369 ῗ]

429 401 573 447 inoris
599 400 693 461 est)
718 396 897 443 tesseris
917 396 1079 442 ludere
1101 406 1371 459 coeperunt.
1402 395 1577 442 Deinde
1599 396 1841 460 ingentem

427 478 679 541 strepitum
699 475 851 521 secere
865 510 878 531 ,
907 485 954 520 et
975 491 1143 539 aquam
1163 490 1303 536 super
1329 471 1627 519 Rodbertum
1650 484 1698 519 et
1719 490 1844 520 asse-

429 554 519 599 clas
548 555 667 616 ejus,
697 551 779 615 qui
804 549 969 596 subtus
995 560 1161 607 erant,
1198 548 1378 595 fudere.
1408 549 1544 594 Tunc.
1570 551 1651 596 lvo
1683 559 1729 595 et
1763 548 1844 594 Al-

426 631 614 677 bcricus
629 629 686 676 de
705 627 1122 675 Grentemaisnilio
1145 629 1214 690 (1)
1234 625 1459 672 dixerunt
1478 625 1726 673 Rodberto
1750 646 1759 670 :
1784 625 1845 671 Ut

428 708 548 773 quid
568 719 753 754 tantam
771 709 952 773 pateris
977 705 1248 771 injuriam?
1267 707 1316 752 E
1320 722 1401 751 cce
1403 703 1589 769 fratres
1611 705 1683 751 tui
1703 721 1849 769 super

429 797 577 852 caput
619 797 749 831 tutam
795 783 1138 840 ascenderunt,
1184 794 1228 829 et
1266 781 1573 828 immunditiis
1624 785 1671 828 in
1723 799 1844 828 eon-

430 874 604 929 zemptu
639 874 718 909 ῐιιο
753 880 839 909 nos
874 873 1029 908 tecam
1055 860 1299 926 polluunt.
1343 860 1523 907 Nonne
1556 859 1696 906 vides
1730 857 1849 922 quid

429 941 518 987 lzoc
539 942 669 1005 signi
686 939 822 987 icat?
846 941 1012 1005 Lippz's
1033 940 1177 984 etiam
1197 937 1383 1002 liquido
1398 948 1554 1002 patet.
1577 937 1686 983 Nisi
1696 934 1848 1000 festi-

429 1030 602 1065 'imiter
640 1017 864 1083 injectum
897 1017 983 1062 tibi
1018 1016 1226 1064 dedecus
1262 1016 1496 1080 punieris,
1536 1014 1747 1079 dejectus
1778 1031 1845 1070 es,

430 1114 517 1142 nee
541 1097 670 1141 altra
694 1112 938 1158 resurgere
966 1094 1116 1140 vales.
1144 1094 1225 1138 His
1256 1092 1488 1157 siquidem
1521 1091 1691 1138 auditis
1723 1090 1850 1136 furi—

433 1173 622 1220 bundus
648 1172 877 1227 surrexit,
898 1182 944 1218 et
965 1171 1014 1217 in
1035 1170 1337 1217 coenaculum
1362 1179 1529 1216 contra
1554 1169 1721 1214 fratres
1743 1184 1850 1213 suos

434 1253 642 1315 irrepere
674 1249 966 1297 acceleravit.
1006 1248 1120 1295 Mox
1154 1258 1263 1295 orto
1291 1247 1522 1304 clamore,
1557 1245 1614 1293 de
1642 1245 1852 1308 hospitio

434 1345 519 1375 suo
544 1346 626 1374 rex
659 1327 889 1382 accurrit,
918 1337 965 1373 et
992 1325 1135 1390 regali
1163 1326 1444 1371 auctoritate
1468 1323 1680 1370 filiorum
1698 1321 1853 1386 jurgia

433 1424 632 1453 suorum
662 1405 719 1451 ad
754 1416 939 1469 tempus
969 1404 1278 1468 compescuit.
1315 1402 1539 1466 Sequenti
1573 1417 1686 1447 vero
1712 1409 1853 1447 nocte

435 1483 705 1531 Rodbertus
738 1501 847 1529 cum
876 1482 1141 1546 pedisequis
1172 1481 1264 1527 suis
1290 1480 1554 1544 equitatum
1579 1478 1699 1542 regis
1723 1476 1855 1524 dese-

435 1563 558 1618 ruit,
593 1563 909 1625 Rotomagum
945 1560 1168 1623 expetiit,
1204 1569 1252 1605 et
1285 1575 1438 1604 arcem
1475 1557 1651 1622 regiam
1682 1555 1854 1601 furtim

436 1657 771 1704 praeoccupare
793 1639 976 1702 sategit.
1006 1637 1186 1684 Verum
1215 1635 1446 1700 Rogerius
1478 1634 1535 1681 de
1563 1632 1749 1681 Iberico
1777 1634 1850 1697 (2)

434 1718 661 1781 pincerna
689 1715 833 1780 regis,
856 1715 938 1778 qui
960 1714 1134 1759 turrim
1153 1711 1471 1767 custodiebat,
1494 1722 1547 1757 ut
1565 1721 1761 1758 conatus
1782 1711 1853 1756 in-

436 1794 712 1841 sidiantium
752 1791 1108 1856 praecognovit,
1156 1801 1320 1836 contra
1360 1789 1545 1835 fraudes
1584 1788 1854 1852 malignan-

436 1874 557 1919 tium
583 1870 836 1935 diligenter
871 1886 1027 1915 arcem
1059 1868 1392 1931 praemunivit,
1420 1867 1665 1930 missisque
1692 1865 1854 1929 legatis

435 1950 656 1998 ordinem
681 1949 747 1995 rei
782 1948 982 1996 domino
1007 1964 1092 1993 suo
1124 1947 1222 2010 regi
1256 1946 1472 1992 celeriter
1508 1945 1762 1991 intimavit.
1792 1943 1856 1989 At

438 2029 514 2075 ille
546 2028 684 2073 nimis
714 2027 858 2071 iratus
889 2024 1109 2071 factiosos
1139 2041 1304 2070 omnes
1328 2021 1668 2086 comprehendi
1695 2021 1849 2085 jussit.

436 2105 507 2150 llli
528 2121 662 2161 vero,
685 2103 894 2150 edictum
914 2100 1181 2164 hujusmodi
1198 2098 1456 2155 audiente&
1478 2097 1733 2145 admodum
1757 2107 1856 2143 ter-

434 2181 513 2227 riti
542 2190 653 2226 sunt
668 2215 680 2235 ,
703 2189 751 2226 et
772 2176 1055 2243 quibusdam
1081 2177 1226 2240 captis
1253 2175 1328 2221 alii
1361 2185 1571 2222 extorres
1595 2174 1822 2238 fugerunt
1837 2208 1850 2229 ,

435 2267 482 2303 et
505 2268 662 2303 extera
690 2265 903 2319 petentes
927 2254 1088 2299 salvati
1115 2263 1242 2298 sunt.

500 2335 637 2380 Tunc
656 2335 794 2397 Hugo
818 2332 874 2379 de
898 2330 1228 2378 Novocastello
1247 2329 1323 2392 (ὅ)
1351 2344 1499 2392 nepos
1524 2337 1571 2374 et
1594 2327 1745 2374 haeres
1768 2326 1853 2373 Al-

433 2411 556 2459 berti
577 2410 765 2457 Ribaldi
787 2409 968 2472 primus
987 2407 1239 2471 praedictos
1261 2406 1417 2453 exules
1436 2405 1640 2467 suscepit
1654 2439 1668 2462 ,
1690 2404 1852 2468 eisque

482 2638 531 2681 (1)
557 2635 735 2670 C⁷etaient
749 2633 782 2667 le
797 2632 1001 2680 quatriemc
1017 2638 1052 2665 ct
1069 2630 1101 2665 le
1117 2630 1324 2677 cinquieme
1339 2628 1391 2662 fils
1407 2628 1451 2662 de
1468 2628 1618 2674 Hugues
1633 2627 1677 2661 de
1688 2627 1850 2662 Grcntc-

437 2695 584 2737 mesnil,
605 2701 640 2729 ct
659 2693 842 2728 d’Adelisv
863 2692 907 2726 (le
927 2690 1338 2727 Beaumont-sur-Oisc.

482 2757 533 2795 (2)
565 2753 684 2798 [loger
706 2752 828 2786 d'Ivri.

480 2812 528 2856 (3)
557 2813 728 2858 Ungues,
753 2813 923 2857 seigneur
945 2810 987 2845 dc
1009 2805 1571 2845 Chaiteauncus-en-Tliiincrais,
