1951 3194
176 253 419 305 [977-1031]
673 250 825 288 LIBER
853 249 1088 288 TERTIUS.
1512 252 1589 289 139

174 349 316 397 quem
347 332 397 376 in
421 330 525 376 visu
554 329 748 394 quidam
778 328 1012 376 Judocum
1040 326 1277 375 medicum
1309 327 1357 373 in
1386 327 1592 373 Pontivo

175 409 418 474 requirere
453 408 657 454 monuit.
695 407 778 453 Ille
810 423 924 453 vero
957 405 1209 453 confestim
1233 404 1373 469 jussis
1408 404 1588 468 paruit.

175 487 429 535 Dominico
453 486 567 534 hora
589 486 687 532 fere
715 485 852 532 tertia
876 484 1115 530 basilicam
1135 484 1356 543 intravit,
1379 492 1595 547 prostra-

175 575 249 610 tus
297 566 451 611 oravit
469 600 480 621 ‚
532 565 858 628 pavimentum
903 563 1125 628 lacrymis
1173 562 1464 609 humectavit
1482 598 1495 619 ,
1548 572 1595 608 et

174 643 374 706 peractis
401 642 620 706 precibus
647 640 897 687 incolumis
932 640 1154 686 surrexit.
1184 639 1364 686 Deinde
1389 639 1595 704 gaudens

175 737 289 766 mox
313 720 501 767 missam
523 719 719 775 cecinit,
742 727 789 765 et
811 717 991 782 populo
1014 717 1283 763 salvationis
1306 735 1401 763 suae
1425 717 1595 763 seriem

177 815 286 844 cum
308 798 567 863 gratiarum
589 797 775 843 actione
797 795 1027 842 veraciter
1049 794 1232 842 retulit.

240 874 558 921 Lothariensis
579 873 947 920 wandelmarus
975 872 1198 920 dextrum
1222 871 1416 918 oculum
1449 871 1593 917 infir-

174 953 336 999 mitate
369 952 553 1008 amisit,
594 962 641 999 et
672 952 937 1000 amicorum
969 968 1195 1016 persuasu
1220 949 1416 996 beatum
1442 947 1596 995 Judo-

175 1048 282 1076 cum
300 1029 428 1077 adire
446 1029 672 1077 decrevit.
702 1030 792 1077 Sed
811 1030 927 1077 recti
960 1029 1088 1076 callis
1119 1029 1307 1094 ignarus
1330 1028 1458 1075 forte
1485 1045 1596 1073 cum

173 1107 302 1154 socio
326 1106 383 1153 ad
403 1107 590 1154 fontem
611 1108 803 1155 devenit
820 1143 832 1164 ,
863 1125 1005 1172 quem
1026 1108 1052 1152 J
1057 1107 1233 1153 udocus
1258 1105 1410 1152 adhuc
1434 1105 1597 1150 vivens

173 1186 355 1232 meritis
393 1186 486 1231 suis
525 1185 768 1249 produxit.
808 1185 1175 1232 Wandelmarus
1216 1184 1373 1247 itaque
1410 1181 1597 1228 fontem

174 1263 556 1327 limpidissimum
577 1262 720 1320 vidit,
741 1264 924 1310 socium
942 1263 1171 1319 detinuit,
1196 1261 1260 1307 ibi
1284 1259 1480 1317 resedit,
1504 1277 1599 1305 ma-

174 1357 263 1385 nus
285 1339 547 1405 faciemque
570 1340 628 1387 de
651 1340 800 1387 fontis
824 1358 942 1406 aqua
968 1339 1119 1386 abluit
1134 1375 1147 1396 ‚
1179 1347 1226 1385 et
1250 1336 1409 1384 subito
1434 1336 1599 1383 lumen

175 1417 396 1464 amissum
419 1418 613 1482 recepit.
635 1419 832 1465 sanatus
853 1418 1021 1466 deinde
1039 1416 1096 1464 ad
1115 1415 1461 1463 monasterium
1485 1432 1599 1478 gau-

737 1495 1050 1543 oaudentibus
1088 1494 1249 1540 amicis
1289 1495 1390 1539 Deo
1428 1493 1599 1556 gratias

174 1495 342 1543 denter
374 1496 609 1561 perrexit,
652 1507 698 1543 et
735 1533 763 1561 ὗ

176 1584 288 1639 eglt.

245 1654 353 1699 Duo
392 1652 671 1699 daemoniaci
723 1653 921 1700 nomine
970 1649 1235 1715 Maginardi
1280 1646 1338 1694 ad
1383 1646 1600 1693 tumbam

175 1730 223 1776 S.
250 1728 418 1777 Judoci
444 1730 658 1776 mundati
686 1740 821 1788 sunt,
847 1740 893 1777 et
915 1730 997 1776 diu
1020 1739 1182 1792 postea
1209 1727 1307 1773 sani
1343 1726 1392 1771 in
1424 1724 1602 1771 saeculo

175 1808 415 1854 vixerunt.

240 1883 499 1949 Sieburgis,
518 1903 641 1932 uxor
655 1885 910 1932 Bertranni
931 1883 1171 1930 clarissimi
1190 1881 1279 1927 viri
1295 1916 1307 1937 ‚
1327 1898 1413 1945 per
1431 1896 1462 1925 X
1480 1895 1602 1925 con-

177 1961 337 2007 tinuos
360 1978 542 2008 menses
565 1960 748 2009 fluxum
772 1960 1013 2026 sanguinis
1038 1978 1061 2007 e
1085 1958 1282 2006 naribus
1301 1955 1598 2022 patiebatur3

176 2055 283 2102 quae
309 2037 368 2084 ab
397 2037 557 2084 amicis
574 2073 587 2094 ,
622 2048 676 2084 ut
707 2048 967 2096 sanaretur,
995 2037 1052 2084 ad
1077 2037 1227 2084 aedem
1251 2034 1400 2081 sancti
1428 2034 1599 2081 Judoci

176 2115 402 2178 perducta
419 2126 504 2162 est.
524 2114 595 2161 Ibi
617 2116 787 2173 oravit,
805 2115 885 2162 sed
901 2132 998 2162 non
1014 2116 1175 2161 statim
1193 2122 1350 2160 sanata
1367 2122 1452 2167 est,
1474 2111 1602 2158 ideo—

177 2209 270 2255 que
291 2192 530 2239 basilicam
548 2211 728 2258 egressa
747 2210 958 2240 moerens
973 2232 984 2253 ‚
1006 2193 1177 2240 multas
1202 2191 1413 2257 querelas
1442 2190 1600 2235 locuta

179 2278 264 2314 est.
284 2269 498 2334 Denique
514 2269 627 2317 dum
647 2271 703 2316 ad
723 2288 802 2317 sua
823 2288 933 2316 cum
947 2287 1147 2318 rancore
1166 2269 1311 2316 animi
1334 2266 1597 2330 repedaret,

180 2352 227 2388 et
251 2360 438 2391 crucem
472 2363 579 2410 quae
616 2347 666 2393 in
696 2348 769 2394 via
806 2348 956 2412 posita
991 2358 1059 2394 est
1090 2345 1445 2411 pertransisset,
1484 2358 1597 2388 mox

180 2421 365 2483 sanguis
400 2438 424 2467 e
452 2423 644 2470 naribus
673 2425 820 2472 fluere
858 2426 1068 2472 cessavit.
1109 2423 1334 2471 Protinus
1370 2420 1444 2465 illa
1479 2436 1598 2483 gau-

181 2496 293 2544 dens
324 2499 602 2563 retrogrado
635 2503 751 2564 pede
776 2504 834 2550 ad
855 2503 1199 2550 monasterium
1231 2499 1379 2546 sancti
1405 2497 1493 2543 viri
1520 2515 1600 2544 re-

181 2593 331 2639 gressa
374 2588 442 2624 est
460 2613 473 2633 ‚
522 2588 569 2624 et
608 2582 807 2642 peractis
850 2582 1109 2644 gratiarum
1150 2576 1419 2625 actionibus
1458 2575 1598 2640 plene

185 2665 338 2700 sanata
372 2666 457 2701 est.

250 2730 515 2780 Rodbertus
531 2735 875 2793 Tarwanensis,
894 2736 1007 2782 dum
1024 2735 1217 2783 meridie
1234 2735 1358 2783 solus
1376 2734 1425 2782 in
1440 2742 1599 2780 aestate
