1951 3194
367 266 444 309 456
731 266 971 305 HISTORIA
1003 265 1401 303 ECCLEsiAs'sicA.
1510 269 1630 315 [cmm
1650 268 1768 315 1118]

368 360 491 406 erat,
522 346 763 394 monachis
783 345 1037 399 concessit;
1065 361 1088 389 a
1111 343 1283 408 quibus
1312 360 1341 390 x
1363 344 1537 392 solidos
1564 356 1611 391 et
1629 345 1771 391 dimi-

369 427 500 473 dium
525 425 621 470 vini
647 422 861 470 modium
888 423 937 467 in
965 422 1157 468 caritate
1182 422 1375 485 recepit.

433 500 732 564 Erembuigis
749 499 843 546 filia
864 499 989 546 Petri
1009 498 1065 545 de
1085 498 1254 544 Manlia
1269 535 1282 555 ,
1305 509 1350 545 et
1370 498 1631 544 Annali-icus
1651 498 1773 545 filius

370 583 466 643 ejus
495 579 796 625 medietatem
828 577 956 623 illam
989 577 1206 632 decimae,
1240 593 1382 640 quam
1413 576 1582 639 injuste
1608 586 1775 622 tenue-

368 666 495 712 rant,
518 656 617 702 Deo
635 653 967 710 reddiderunt,
990 653 1264 717 donumque
1284 670 1423 716 super
1440 651 1583 698 altare
1602 661 1774 698 sanctae

368 734 451 780 Dei
465 732 719 779 Genitricis
733 731 893 777 Mariae
904 747 1062 777 coram
1077 730 1256 794 populo
1269 732 1610 793 imposuerunt.
1623 730 1775 793 Hujus

370 812 600 858 nimirum
624 810 737 856 doni
762 809 921 856 fautor
945 819 991 855 et
1014 807 1163 855 fidelis
1188 808 1435 871 instigator
1458 807 1660 855 domnus
1685 808 1777 853 An-

372 889 529 937 soldus
552 889 711 944 affuit,
741 898 787 934 et
815 905 922 933 cum
948 886 1055 933 filiis
1082 886 1174 932 suis
1195 887 1334 932 Petro
1361 896 1407 932 et
1432 883 1637 932 Radulfo
1667 901 1780 931 eon-

372 969 524 1015 cessit.
548 969 686 1012 Tunc
707 964 922 1012 monachi
939 1001 950 1021 ,
980 965 1035 1009 ad
1055 963 1377 1010 redimendam
1397 963 1627 1009 decimam
1651 962 1780 1026 (quia

374 1044 655 1091 Guillelmus
681 1044 737 1089 de
760 1042 933 1088 Manlia
956 1042 1003 1087 in
1024 1040 1298 1088 vadimonio
1321 1058 1410 1104 pro
1434 1057 1499 1086 xx
1522 1039 1655 1085 libris
1682 1056 1783 1085 eam

376 1122 632 1185 habehat),
660 1122 820 1168 decem
848 1119 989 1165 libras
1022 1117 1302 1183 Eremburgi
1334 1118 1593 1175 dederunt,
1621 1128 1666 1164 et
1692 1127 1785 1163 tres

375 1202 623 1265 aripennes
644 1200 794 1246 vineae
821 1198 905 1262 ipsi
930 1208 976 1244 et
1001 1196 1173 1243 haeredi
1207 1199 1304 1259 ejus
1333 1206 1683 1244 concesserunt.

443 1281 696 1342 Postquam
715 1287 873 1323 autem
891 1276 1038 1322 velata
1059 1275 1151 1320 fuit
1170 1274 1329 1321 eadem
1347 1274 1677 1339 Eremburgis,
1702 1276 1784 1321 ite·

379 1375 486 1402 rum
516 1357 607 1418 ipsa
635 1366 682 1401 et
707 1353 961 1417 praedictus
992 1352 1281 1409 Amalricus,
1311 1351 1433 1397 filius
1456 1354 1578 1415 ejus,
1606 1364 1786 1416 partem

380 1452 509 1480 suam
523 1435 579 1480 (le
597 1432 774 1479 decima
789 1448 911 1495 saepe
924 1441 1181 1477 memorata
1199 1430 1297 1476 Deo
1309 1429 1633 1485 reddiderunt,
1649 1440 1695 1476 et
1709 1430 1790 1476 do-

379 1529 513 1567 num,
525 1511 646 1556 sieut
657 1521 806 1562 antea,
821 1526 960 1572 super
972 1507 1116 1553 altare
1132 1507 1294 1552 matris
1305 1506 1494 1554 Domini
1511 1523 1593 1570 per
1610 1517 1791 1552 textum

382 1587 752 1650 Evangeliorum
772 1586 1119 1648 imposuerunt.
1142 1582 1210 1629 Ibi
1239 1582 1520 1629 Guillelmus
1536 1582 1592 1629 de
1619 1582 1791 1628 Manlia

382 1676 428 1710 et
449 1663 716 1710 Rodhertus
736 1680 882 1725 nepos
907 1664 1001 1724 ejus
1029 1672 1075 1706 et
1094 1661 1368 1707 Goisfredus
1389 1661 1598 1707 sororius
1626 1661 1785 1724 ipsius,

385 1758 493 1786 eum
521 1740 684 1786 Odone
719 1739 904 1802 Pagano
937 1749 982 1783 et
1017 1736 1182 1783 Odone
1206 1736 1305 1782 filio
1333 1736 1561 1782 Gualonis
1593 1747 1640 1783 et
1671 1736 1789 1782 Ful-

388 1836 505 1864 eone
547 1817 731 1863 Clerico
770 1826 815 1862 et
845 1813 1097 1861 Goisfredo
1133 1813 1338 1859 Richerii
1375 1814 1473 1859 filio
1508 1813 1788 1869 adfuerunt,

383 1899 596 1959 Deoque,
620 1895 700 1958 qui
722 1893 987 1947 mulierem,
1010 1891 1202 1937 nefariae
1223 1890 1488 1953 rapacitatis
1509 1889 1667 1937 lethali
1693 1908 1793 1936 sar-

387 1975 490 2019 cina
515 1982 732 2019 onustam
749 2007 760 2026 ,
788 1970 1045 2025 alleviavit,
1074 1969 1244 2033 gratias
1268 1979 1483 2031 egerunt.

450 2050 783 2096 Habitatorum
820 2048 975 2111 itaque
1010 2046 1228 2101 solertia,
1267 2045 1498 2109 donisque
1542 2045 1792 2091 confluen-

386 2131 505 2175 tium
529 2127 799 2174 Manliensis
827 2125 995 2172 domus
1025 2125 1172 2171 crevit
1203 2133 1248 2169 et
1277 2123 1556 2186 locupletata
1584 2135 1678 2178 est3
1715 2123 1792 2170 sed

385 2217 492 2271 post
529 2204 719 2270 aliquod
747 2216 953 2267 tempus,
992 2201 1201 2248 Ansoldo
1229 2200 1448 2246 laudabili
1483 2210 1687 2263 patrono
1718 2219 1794 2246 ca-

386 2285 551 2340 dente,
580 2282 820 2329 debilitata
853 2291 937 2326 est.
971 2282 1010 2325 Is
1039 2280 1237 2335 etenim,
1264 2288 1511 2342 postquam
1545 2295 1629 2325 L111
1661 2278 1795 2324 annis

387 2379 514 2407 arma
535 2360 652 2405 milit
666 2360 720 2405 iae
739 2359 895 2422 gessit,
913 2361 1010 2421 jam
1030 2357 1194 2403 seniles
1212 2373 1360 2403 annos
1378 2357 1628 2420 attingens,
1649 2374 1795 2421 aegro·

388 2451 487 2486 tare
517 2439 691 2502 coepit,
727 2449 772 2483 et
807 2453 929 2500 aeger
963 2436 1060 2483 fere
1092 2452 1160 2482 vii
1194 2435 1464 2498 septimanis
1494 2434 1550 2479 ad
1586 2434 1793 2480 tribunal

389 2516 569 2562 Summi
596 2516 746 2560 iturus
761 2551 773 2571 ,
801 2532 895 2561 sese
919 2513 1212 2561 confessione
1235 2523 1280 2559 et
1307 2511 1590 2575 poenitentia
1611 2529 1794 2575 praepa-

387 2611 465 2638 iai
474 2595 524 2637 it.
546 2595 606 2638 Et
624 2610 793 2656 quam*v
801 2593 834 2636 is
855 2592 1023 2638 lecton
1013 2608 1093 2638 ion
1114 2589 1442 2645 decumbeiet
1465 2588 1542 2635 sed
1557 2588 1795 2635 ecclesiam

389 2669 599 2734 quotidie
626 2680 759 2732 petel
762 2680 831 2725 et
861 2680 904 2715 et
926 2670 998 2714 xiv
1004 2669 1169 2714 acitate
1188 2684 1371 2713 memo}
1376 2667 1431 2712 iae
1453 2684 1559 2712 cnm
1581 2664 1794 2711 ficundia

394 2749 449 2795 *si
452 2758 586 2805 1,·''‚‹11¹
611 2767 647 2806 ει(
637 2749 797 2802 ,ζ”ηωὶἰ
824 2759 850 2792 ῐι
857 2765 930 2791 im
938 2766 975 2792 ·n
1002 2765 1044 2791 s«.
1070 2756 1220 2792 natur:
1227 2763 1257 2790 is
1280 2744 1491 2807 wupmis
1517 2743 1603 2797 sni,
1625 2742 1794 2807 quihus
