1951 3194
100 224 372 274 [1050-1056]
592 221 747 260 LIBER
776 221 1012 260 TERTIUS.
1462 226 1508 262 61

96 303 330 349 variarum
356 301 557 347 stimulis
581 302 903 348 tentationum
925 301 1229 365 impugnare,
1261 312 1307 348 et
1328 319 1413 365 per
1434 320 1512 349 eos

95 398 213 445 quos
236 389 393 443 potest
417 377 672 424 mundanae
695 378 891 424 vanitati
915 377 1187 442 subjugare,
1216 378 1265 424 in
1287 378 1513 443 simplici-

94 467 188 504 tate
218 457 462 503 catholicae
488 456 595 502 fidei
627 456 887 520 prudenter
915 456 1185 521 vigilantes,
1214 466 1260 503 et
1291 457 1339 503 in
1360 457 1510 503 virtu-

93 545 197 580 tum
243 534 450 580 culmine
498 533 700 579 viriliter
745 542 920 578 stantes
968 534 1195 581 atrociter
1237 535 1506 582 molestare.

92 610 230 657 Unde
256 610 371 656 dum
398 610 588 657 vidisset
613 608 826 673 regulare
850 611 1193 656 monasterium
1222 611 1270 657 in
1297 611 1509 658 Uticensi

91 687 213 734 saltu
235 687 501 752 opitulante
527 687 626 733 Deo
650 686 904 733 surrexisse
917 721 930 743 ‚
958 696 1004 732 et
1025 686 1344 735 Teodericum
1369 688 1508 735 abba-

91 777 188 813 tem
212 767 260 812 in
283 765 431 812 verbo
455 776 502 811 et
525 765 805 828 operatione
829 764 993 810 multis
1016 764 1263 812 animabus
1279 769 1510 830 juvenum

89 854 230 909 atque
267 861 433 890 senum
467 842 645 907 oppido
675 842 926 906 prodesse,
965 841 1267 890 exardescens
1302 844 1505 901 invidia,

89 939 179 986 qua
199 920 552 984 protoplastum
577 919 727 965 Adam
754 937 840 982 per
866 919 1000 965 vetiti
1028 918 1211 965 fructus
1234 930 1428 984 gustum
1450 921 1507 967 de

87 999 302 1062 paradiso
327 998 532 1062 expulit,
556 997 847 1046 Rotbertum
865 998 1078 1060 priorem
1104 1009 1271 1045 contra
1288 997 1508 1046 abbatem

87 1094 226 1122 suum
243 1087 352 1141 post
369 1076 623 1123 discessum
639 1075 882 1122 Willermi
904 1074 1128 1122 Geroiani
1150 1076 1411 1124 insolenter
1429 1095 1507 1124 ex-

88 1155 250 1200 citavit
263 1174 276 1211 3
302 1171 566 1219 magnaque
587 1153 877 1200 dissensione
902 1152 984 1198 diu
1002 1152 1290 1217 perdurante
1308 1153 1508 1202 mobiles

89 1232 415 1295 subjectorum
443 1232 626 1278 animos
657 1231 863 1295 graviter
897 1230 1195 1295 inquietavit.
1233 1231 1350 1277 Erat
1383 1231 1507 1278 idem

90 1307 351 1355 Rotbertus
374 1309 449 1372 (ut
469 1308 681 1371 superius
702 1307 810 1353 satis
830 1306 1012 1353 dictum
1033 1307 1130 1370 est)
1156 1307 1397 1371 praeclarae
1418 1325 1509 1355 no—

89 1385 287 1432 bilitatis
300 1422 312 1442 ,
338 1386 484 1433 frater
503 1386 680 1432 scilicet.
700 1386 914 1450 Hugonis
933 1385 990 1432 de
1008 1385 1406 1444 Grentemaisnil3
1430 1388 1504 1432 cui

91 1462 241 1509 adhuc
263 1464 414 1509 inerat
433 1463 627 1526 puerilis
641 1463 802 1509 levitas
817 1473 863 1509 et
887 1462 1176 1509 indomitum
1196 1463 1346 1509 robur
1365 1474 1507 1529 atque

91 1540 323 1586 saecularis
347 1540 563 1587 ambitio.
602 1542 655 1586 ln
687 1541 897 1587 castitate
927 1551 1067 1605 atque
1095 1541 1196 1586 aliis
1222 1540 1507 1606 quibusdam

91 1619 229 1664 sacris
254 1618 614 1665 charismatibus
647 1628 747 1666 erat
776 1617 1021 1665 laudabilis
1036 1637 1049 1675 ;
1075 1618 1153 1665 sed
1184 1637 1207 1666 e
1232 1629 1395 1666 contra
1423 1621 1506 1683 (ut

89 1695 278 1742 Flaccus
301 1697 393 1759 ait)

407 1794 511 1828 Nihil
526 1800 580 1828 est
599 1794 643 1828 ab
663 1795 763 1828 omni
783 1801 884 1841 parte
902 1794 1050 1829 beatum
1068 1794 1130 1841 (1).

90 1877 136 1923 in
162 1879 409 1925 nonnullis
434 1879 640 1927 reatibus
662 1890 762 1927 erat
782 1879 1182 1943 reprehensibilis,
1207 1880 1327 1925 Nam
1351 1879 1399 1925 in
1419 1879 1505 1926 bo-

89 1955 161 1999 nis
184 1973 264 2001 seu
288 1957 419 2003 malis
439 1975 547 2022 quae
570 1958 812 2021 cupiebat,
834 1957 970 2003 velox
991 1956 1048 2002 ad
1066 1955 1385 2021 peragendum
1404 1967 1504 2003 erat

87 2048 139 2076 ac
158 2031 366 2079 fervidus
384 2070 397 2090 ‚
421 2045 467 2081 et
483 2035 652 2081 auditis
672 2036 766 2081 sive
784 2035 918 2091 visis,
940 2052 1046 2099 quae
1070 2033 1286 2091 nolebat,
1315 2033 1371 2080 a'd
1391 2035 1503 2080 iras—

89 2109 287 2155 cendum
315 2111 534 2168 festinus,
570 2113 806 2177 magisque
831 2130 1026 2177 praeesse
1051 2128 1195 2176 quam
1218 2110 1427 2169 subesse,
1457 2121 1502 2157 et

90 2187 321 2250 imperare
344 2191 503 2253 potius
528 2209 671 2255 quam
697 2191 1016 2238 obsecundare
1040 2190 1253 2254 cupidus.
1283 2189 1355 2235 Ad
1380 2190 1503 2235 acci-

88 2263 313 2325 piendum
333 2277 475 2332 atque
497 2267 554 2314 ad
573 2268 783 2315 dandum
806 2279 988 2333 apertas
1013 2267 1216 2315 habebat
1237 2285 1427 2323 manus,
1456 2278 1502 2313 et

88 2357 140 2387 os
162 2356 441 2407 promptum
464 2346 618 2394 furori
648 2365 733 2394 suo
761 2346 1025 2394 satisfacere
1055 2346 1338 2393 inordinatis
1362 2344 1502 2389 fami-

88 2418 246 2465 nibus.
279 2421 344 2466 Et
368 2424 475 2485 quia
505 2425 603 2487 ipse
631 2435 684 2471 ut
708 2425 891 2471 dictum
916 2435 1009 2480 est,
1037 2424 1229 2471 excelsae
1256 2421 1501 2486 generosi-

88 2497 195 2542 tatis
219 2497 429 2562 lampade
454 2500 689 2547 renitebat
705 2537 717 2558 ,
745 2513 791 2547 et
816 2520 871 2548 ex
900 2501 1194 2565 patrimonio
1218 2516 1302 2545 suo
1336 2514 1498 2544 coeno-

135 2662 184 2706 (1)
203 2662 292 2697 Hor.
320 2663 377 2696 od.
410 2663 434 2696 l.
464 2675 484 2696 ιι
501 2692 508 2704 ,
541 2663 597 2703 16,
619 2675 673 2710 27.
694 2664 848 2698 Ciceroni
870 2665 961 2697 avait
979 2662 1033 2697 dit
1058 2680 1061 2695 τ
1086 2662 1193 2697 lt'slu'l
1210 2662 1309 2697 omni
1328 2673 1373 2695 en:
1392 2666 1491 2705 pam

89 2720 290 2765 perfectum
310 2729 418 2768 alque
439 2723 593 2756 beatum.
