1951 3194
130 216 401 265 [1112-11‘25]
612 212 764 251 LlBER
794 211 1043 260 QUARTUS.
1465 211 1542 247 ‘289

129 292 450 339 anachoritam
472 292 519 337 in
542 291 658 337 albis
677 292 884 338 nitentes
899 300 1046 336 astare
1066 306 1224 336 secum
1236 288 1380 334 videt.
1400 288 1544 351 Apos-

131 371 255 418 tolus
269 388 400 427 vero,
416 379 469 415 ut
485 369 753 429 videbatur,
770 378 913 433 caput
928 368 1114 416 comitis
1133 367 1324 431 corpori
1340 365 1543 413 redinte-

130 458 317 512 gratum
333 447 583 510 accipiens,
599 445 784 492 dicebat
803 467 812 490 :
831 448 878 491 A
882 445 1110 510 eephalus
1130 462 1222 490 non
1238 454 1321 490 est.
1336 443 1552 489 Econtra

132 524 415 582 Gutlaelams,
443 525 525 589 qui
552 525 607 570 acl
623 524 761 587 pedes
787 522 965 580 stabat,
992 522 1238 586 respondit
1260 543 1269 567 ε
1291 523 1456 569 Comes
1473 521 1548 568 hic

116 601 241 666 ficit.
263 602 518 666 Apostolus
536 611 693 647 autem
718 601 987 663 incoeptum
1003 599 1289 646 Monadicon
1308 599 1372 645 sic
1390 598 1549 663 perfe-

135 681 224 726 cit:
248 683 314 726 At
328 679 468 726 modo
481 697 567 724 rese
586 689 671 724 est.
690 676 847 723 Abbas
865 677 936 722 his
953 677 1124 722 auditis
1142 687 1188 722 et
1205 677 1364 724 relatis
1381 677 1550 724 fratres

136 758 414 814 laetificavit,
436 756 792 819 Dominumque
812 755 964 800 Deum
981 752 1289 818 glorificavit,
1311 755 1393 818 qui
1417 755 1551 801 omni

137 847 350 900 tempore
374 832 675 880 credentibus
709 832 757 877 in
786 849 832 878 se
859 831 1162 878 clementiam
1196 849 1327 877 suam
1363 832 1554 894 impen-

136 915 245 960 dere
266 930 363 959 non
384 911 565 958 desistit
586 910 1047 974 (1).Consummatis
1069 910 1118 956 in
1137 910 1369 974 regimine
1390 926 1455 956 xv
1475 927 1556 955 an-

137 990 235 1046 nis,
270 987 565 1035 venerandus
600 986 743 1033 abbas
774 998 821 1033 et
859 985 1071 1033 sacerdos
1103 986 1380 1034 Goisfredus
1406 1003 1556 1032 nonas

132 1067 256 1131 junii
300 1064 421 1114 obiit
438 1085 451 1123 3
494 1065 567 1111 cui
608 1064 859 1111 Guallevus
895 1064 1156 1129 Angligena
1172 1100 1184 1121 ‚
1221 1064 1558 1110 crulandensis

139 1143 351 1191 coenobii
378 1141 663 1200 monachus,
691 1142 838 1188 frater
862 1142 1142 1206 Gospatritii
1170 1143 1244 1206 (2)
1263 1178 1275 1199 ‚
1303 1141 1360 1188 de
1391 1160 1559 1206 magna

140 1220 391 1267 nobilitate
428 1219 693 1283 Anglorum
710 1255 723 1275 ‚
768 1219 1004 1265 successit.
1047 1219 1288 1264 Miraculis
1325 1219 1561 1283 siquidem

142 1297 410 1344 Crulandiae
449 1295 856 1343 crebrescentibus
877 1333 889 1353 ‚
933 1297 1154 1344 monachi
1189 1298 1330 1361 gavisi
1365 1307 1476 1343 sunt
1515 1307 1561 1343 et

144 1375 261 1422 tanti
288 1375 475 1422 comitis
503 1391 675 1438 corpus
700 1390 790 1438 pro
816 1391 950 1437 posse
975 1391 1059 1420 suo
1081 1383 1323 1438 gratanter
1350 1373 1564 1421 honora-

144 1463 341 1509 verunt,
371 1462 417 1498 et
439 1451 584 1497 Vitali
618 1451 897 1516 Angligenae
933 1451 1143 1497 versibus
1176 1451 1377 1498 heroicis
1410 1452 1563 1515 epita—

144 1528 309 1593 phium
335 1530 431 1592 ejus
458 1529 593 1574 edere
620 1530 879 1591 jusserunt.
909 1527 1022 1573 Mox
1058 1527 1135 1572 ille
1164 1528 1302 1590 jussis
1330 1528 1489 1592 paruit
1517 1538 1563 1574 et

146 1604 286 1652 corde
311 1605 532 1652 meditata
560 1605 624 1650 sic
652 1621 734 1651 ore
761 1604 962 1668 protulit
988 1624 996 1648 :

331 1723 384 1757 En
402 1722 495 1768 tegit
514 1722 580 1755 iste
595 1721 685 1768 lapis
703 1722 893 1756 hominem
912 1732 1050 1768 magnae
1067 1721 1277 1767 probitatis!

327 1782 522 1829 Danigenae
539 1782 682 1816 comitis
700 1781 855 1817 Siwardi
876 1781 971 1815 filius
989 1781 1106 1816 audax
1120 1810 1128 1824 ‚

334 1841 516 1875 Wallevus
535 1853 656 1875 comes
677 1842 831 1876 eximius
845 1841 942 1886 jacet
960 1841 1021 1875 hic
1041 1841 1254 1876 tumulatus.

330 1901 434 1935 Vixit
446 1900 701 1943 honorandus,
723 1901 832 1934 armis
852 1901 1057 1947 animisque
1072 1900 1260 1935 timendus
1280 1917 1288 1939 ;

331 1960 376 1992 Et
394 1966 515 1993 tamen
534 1960 630 1993 inter
644 1971 730 2005 opes
748 1959 1007 2005 corruptibiles
1024 1966 1061 1993 et
1079 1959 1238 1994 honores

333 2019 522 2053 Christum
544 2019 687 2061 dilexit,
709 2019 933 2066 Christoque
954 2019 1096 2065 placere
1115 2020 1259 2066 sategit.

332 2078 530 2113 Ecclesiam
551 2078 683 2122 coluit⁷
704 2079 840 2113 clerum
864 2086 1071 2113 reverenter
1090 2080 1241 2122 amavit,
1269 2086 1271 2089 '

334 2138 517 2184 Praecipue
536 2138 733 2173 monachos
752 2138 1019 2173 Crulandenses
1041 2138 1108 2173 sibi
1130 2138 1229 2173 fidos.

335 2197 497 2244 Denique
513 2197 701 2243 judicibus
717 2198 939 2232 Normannis
957 2209 1042 2232 ense
1059 2205 1288 2244 peremptus,

332 2257 426 2291 Luce
446 2256 513 2291 sub
535 2264 696 2291 extrema
714 2258 799 2291 maii
813 2256 862 2302 (5)
882 2258 974 2304 petit
992 2257 1145 2292 artubus
1163 2270 1257 2292 arva.

193 2421 243 2466 (1)
267 2420 372 2455 Cette
397 2421 513 2455 vision
533 2421 578 2456 de
603 2421 719 2456 l’abbe
745 2421 909 2456 Geoffroi
938 2429 992 2456 est
1020 2423 1188 2456 raconte'e
1216 2432 1372 2468 presque
1396 2420 1485 2455 (lans
1510 2420 1562 2455 les

149 2479 285 2513 memes
304 2486 455 2523 termes,
475 2487 511 2514 et
534 2479 737 2527 cependant
755 2493 837 2515 avec
855 2480 1031 2528 quelques
1052 2481 1317 2515 circonstances
1331 2479 1558 2523 differentes,

151 2552 215 2586 par
233 2540 357 2573 Pierre
376 2539 420 2573 (le
437 2539 551 2582 Blois,
574 2540 831 2575 continuateur
848 2541 1084 2587 d'lngulphe.
1115 2540 1189 2575 Ello
1210 2541 1417 2587 appartient
1434 2542 1453 2574 ἐι
1470 2540 1562 2575 l’an·

152 2601 217 2634 nee
241 2611 344 2643 1112,
366 2600 457 2634 ainsi
476 2612 546 2647 que
564 2600 596 2634 le
613 2601 815 2634 clizitiment
834 2600 963 2635 celeste
984 2600 1109 2647 inflige
1127 2613 1171 2634 au
1191 2600 1312 2634 moine
1327 2599 1465 2634 Audin.

200 2661 249 2701 22)
271 2659 459 2705 Cospatric
474 2686 482 2700 ‚
505 2665 622 2693 comte
646 2658 690 2693 de
708 2659 993 2702 Norfflumbrie,
1013 2660 1116 2705 apres
1135 2659 1166 2693 le
1187 2665 1349 2693 meurtre
1369 2658 1414 2693 (le
1437 2659 1559 2706 Copsi.

200 2717 471 2763 <3)Cet1,e‹l·.1to
500 2726 546 2752 vs!
576 2726 707 2752 exacte.
731 2720 790 2752 On
812 2733 828 2752 Α
860 2719 964 2764 peine
993 2722 1009 2752 51
1034 2720 1221 2753 concevoir
1250 2726 1432 2753 comment
1460 2727 1564 2753 notre

254 2796 300 2824 12.
1318 2799 1370 2841 ις)
