2912 4368
858 1049 1009 1087 LIBER
1040 1048 1272 1087 TERTIUS.
1725 1053 1774 1086 77²

371 1141 525 1177 autem
554 1129 835 1176 Teodericus
862 1130 1039 1175 mundo
1064 1129 1378 1184 substractus,
1406 1129 1600 1192 Deoque
1626 1128 1779 1175 (lona-

372 1052 638 1099 11059-1061j

372 1218 476 1264 tus,
512 1224 610 1253 Lvn
641 1208 775 1252 annis
808 1207 853 1251 in
888 1205 1141 1252 monachili
1179 1205 1412 1251 schcmate
1443 1205 1584 1257 vixit,
1622 1215 1668 1250 et
1696 1221 1781 1268 per

372 1285 580 1348 singulos
603 1284 770 1348 gradus
794 1302 939 1349 usque
962 1284 1015 1328 ad
1042 1283 1354 1329 sacerdotium
1386 1283 1593 1346 legitime
1619 1300 1779 1328 ascen«

370 1362 483 1409 dens
509 1363 701 1410 honeste
727 1365 824 1409 Deo
847 1363 1086 1408 militavit.

436 1441 615 1487 Eodem
638 1452 848 1504 tempore
864 1440 1012 1485 VVido
1034 1451 1352 1503 cognomento
1376 1440 1556 1485 Bollein
1578 1438 1774 1484 senioris

371 1515 533 1563 Geroii
564 1535 799 1581 pronepos
830 1534 936 1561 cum
970 1515 1204 1562 Hodierna
1237 1517 1435 1579 conjuge
1468 1534 1543 1561 sua
1582 1516 1630 1560 in
1659 1531 1778 1577 pago

373 1593 684 1641 Corboniensi
715 1592 1058 1639 honorabiliter
1089 1592 1302 1657 vigebat,
1336 1602 1382 1638 et
1411 1593 1457 1637 in
1490 1592 1656 1637 ordine
1685 1596 1780 1637 rni—

372 1670 496 1715 litari
535 1670 709 1716 divitiis
746 1671 993 1734 ampliatus
1035 1688 1136 1715 rem
1173 1687 1303 1714 suam
1338 1668 1532 1714 honeste
1569 1666 1776 1730 regebat.

372 1748 491 1792 Huic
516 1758 649 1794 erant
670 1748 825 1811 plures
851 1749 933 1793 filii
959 1768 967 1793 ε
993 1748 1296 1795 Normannus
1321 1758 1367 1793 et
1386 1746 1648 1792 Walterius
1664 1782 1676 1802 ,
1698 1746 1776 1809 qui

372 1823 553 1871 militiae
583 1825 824 1871 laboribus
849 1826 1197 1882 deservierunt,
1225 1824 1498 1871 Goisfredus
1524 1842 1715 1888 quoque
1735 1833 1782 1868 et

372 1901 652 1949 Willermus
676 1913 994 1966 cognomento
1013 1901 1294 1964 Gregorius,
1315 1902 1395 1965 qui
1418 1901 1586 1946 litteris
1610 1900 1778 1945 imbuti

372 1987 565 2024 stemma
607 1979 852 2026 sacerdotii
892 1980 1015 2024 nacti
1058 1990 1185 2025 sunt.
1222 1978 1449 2024 Praefatus
1484 1978 1620 2024 Wido
1661 1987 1781 2022 nutu

373 2055 454 2101 Dei
488 2066 534 2101 et
566 2057 791 2101 instinctu
829 2056 1056 2102 Rodberti
1094 2056 1301 2110 abbatis,
1343 2056 1527 2119 cognati
1565 2055 1782 2100 videlicet

374 2133 470 2188 sui,
498 2133 739 2179 Uticenses
769 2134 974 2179 multum
1004 2133 1166 2180 dilexit
1185 2171 1194 2185 Ἰ
1218 2145 1264 2179 et
1287 2133 1596 2179 VVillermum
1629 2131 1780 2176 filium

375 2226 536 2266 suum,
566 2212 645 2274 qui
676 2221 789 2256 tunc
814 2211 963 2258 ferme
990 2229 1162 2259 novem
1189 2228 1425 2257 annorum
1450 2220 1572 2265 erat,
1599 2209 1780 2254 mundo

377 2285 558 2350 sibique
588 2287 839 2344 abdicavit,
866 2291 1059 2352 Deoque
1087 2288 1172 2334 sub
1207 2287 1460 2334 monachili
1488 2289 1603 2350 jugo
1633 2287 1679 2331 in
1709 2304 1781 2331 ec-

376 2365 507 2411 clesia
529 2365 735 2411 Uticensi
759 2366 1071 2422 serviturum,
1102 2366 1151 2411 in
1176 2366 1249 2411 die
1273 2365 1537 2411 festivitatis
1563 2364 1778 2409 omnium

376 2443 656 2489 Sanctorum
671 2444 876 2489 tradidit.
896 2445 1033 2489 Tunc
1044 2444 1325 2490 Willermus
1343 2442 1628 2506 Praepositus
1648 2441 1780 2486 miles

376 2521 609 2584 egregius,
640 2521 853 2585 praedicti
882 2522 1015 2585 pueri
1044 2522 1327 2577 avunculus,
1361 2521 1600 2567 ecclesiam
1620 2519 1676 2565 de
1697 2518 1780 2563 Αἰ*

375 2615 518 2662 geron
542 2599 615 2662 (1)
636 2616 743 2645 cum
763 2610 859 2645 tota
879 2600 987 2645 villa
1017 2601 1190 2646 Sancto
1218 2598 1419 2646 Ebrulfo
1447 2598 1602 2655 dedit,
1632 2608 1678 2643 et
1704 2614 1778 2654 se,

377 2686 619 2741 totamque
654 2676 927 2723 substantiae
959 2695 1054 2724 suae
1085 2688 1269 2742 partem
1305 2678 1351 2723 in
1385 2677 1479 2723 fine
1511 2693 1595 2721 suo
1629 2674 1780 2721 eidem

377 2763 580 2815 patrono
604 2752 805 2801 fideliter
823 2754 1028 2801 devovit.
1052 2754 1212 2800 Gratia
1235 2754 1318 2800 Dei
1337 2753 1645 2799 Willermum
1668 2768 1783 2814 pue-

381 2848 487 2875 rum
507 2829 645 2877 bonis
665 2831 876 2878 moribus
894 2832 1160 2888 adornavit,
1186 2842 1231 2878 et
1257 2832 1306 2877 in
1325 2830 1463 2877 bonis
1485 2829 1647 2875 studiis
1669 2828 1781 2891 vigi-

382 2908 556 2955 lantem
580 2910 731 2956 effecit
741 2929 753 2965 3
780 2911 904 2957 unde
927 2929 950 2956 a
970 2911 1175 2975 praelatis
1197 2911 1290 2956 suis
1313 2910 1571 2974 Gregorius
1597 2925 1780 2971 cogno-

382 2986 551 3030 minari
571 2987 760 3032 meruit.
785 2987 872 3032 Hic
901 2988 949 3032 in
973 2988 1152 3051 gremio
1179 2997 1349 3033 sanctae
1376 2986 1537 3031 matris
1560 2984 1781 3030 Ecclesiae

382 3061 631 3125 diligenter
663 3063 909 3120 educatus,
942 3074 987 3111 et
1019 3065 1217 3110 omnino
1250 3082 1272 3109 a
1305 3063 1471 3108 mundi
1508 3062 1708 3124 strepitu
1736 3069 1782 3105 et

385 3139 557 3184 carnali
583 3139 696 3185 luxu
718 3150 927 3186 remotus
944 3177 957 3199 ‚
989 3141 1092 3187 utili
1126 3141 1317 3188 scientia
1335 3176 1347 3198 ,
1375 3157 1481 3204 quae
1515 3135 1780 3201 hujusmodi

386 3214 601 3261 Ecclesiae
619 3215 724 3261 filiis
742 3218 942 3264 maxime
960 3222 1203 3282 competit,
1225 3216 1451 3263 nobiliter
1468 3215 1643 3262 floruit.
1663 3212 1782 3257 Nam

387 3293 562 3356 peritus
593 3292 741 3339 lector
773 3294 864 3338 fuit
895 3305 941 3341 et
971 3306 1153 3352 cantor⁷
1187 3295 1545 3358 praecipuusque
1581 3290 1784 3352 scriptor

387 3379 433 3414 et
461 3368 695 3415 librorum
729 3369 1035 3417 illuminator.
1063 3371 1214 3433 Opera
1244 3386 1468 3416 manuum
1499 3369 1593 3430 ejus
1626 3366 1681 3411 ad
1716 3365 1784 3411 le-

436 3534 483 3573 1‘1)
506 3533 1069 3579 Saizn-Aquilin-des-Augcrons
