1951 3194
448 282 526 320 410
812 279 1056 316 HISTORIA
1086 278 1490 317 ECCLESIASTICA.

446 361 719 426 benigniter
766 359 952 405 annuit.
1001 359 1132 405 Hauc
1178 360 1336 423 itaque
1378 362 1729 409 concessionem
1779 380 1862 427 per

447 448 630 484 textum
655 435 1026 500 Evangeliorum
1052 452 1193 500 super
1219 435 1364 483 altare
1388 437 1623 500 portavit,
1652 456 1703 484 ac
1731 450 1862 503 post-

445 514 643 561 modum
667 531 723 560 ex
748 514 941 560 caritate
967 512 1314 560 monachorum
1338 515 1551 579 quinque
1575 533 1757 564 marcos
1781 535 1863 562 ar-

445 591 575 657 genti
603 601 650 638 et
673 591 908 654 optimum
942 590 1248 655 cornipedem
1272 592 1467 655 recepit.
1497 591 1679 638 Deinde
1712 604 1864 656 pater-

445 687 565 717 num
588 668 686 716 fere
711 686 776 716 xv
801 669 938 715 annis
962 668 1195 716 honorem
1220 669 1429 734 legitime
1452 670 1602 728 rexit,
1628 680 1675 717 et
1697 681 1864 717 contra

445 747 677 794 finitimos
689 745 842 794 hostes
858 747 989 812 (quia
1004 747 1306 804 fortissimus,
1320 747 1430 794 licet
1445 746 1603 804 hebes,
1621 747 1865 811 praeliator

446 824 573 887 erat)
601 823 882 870 validissime
905 823 1186 881 defensavit3
1210 824 1506 888 vetitumque
1528 825 1648 888 regis
1672 824 1863 871 Henrici

449 901 798 967 transgrediens
815 937 828 957 ,
851 901 1219 966 Engerrannum
1232 938 1246 959 ,
1277 912 1597 967 cognomento
1618 902 1863 957 oisonem,

446 980 588 1026 armis
628 979 835 1043 impetiit
852 1015 865 1035 ,
910 989 958 1026 et
992 989 1159 1025 contra
1203 979 1339 1024 illum
1379 978 1666 1025 militaribus
1699 978 1865 1025 studiis

447 1058 616 1121 saepius
646 1057 901 1103 dimicavit.
939 1056 1078 1103 Unde
1106 1056 1227 1121 regis
1265 1056 1566 1114 animositas,
1599 1056 1865 1104 delatorum

447 1135 686 1181 maledicis
706 1134 1088 1182 accusationibus
1108 1134 1416 1191 inflammata,
1439 1134 1574 1180 illum
1593 1134 1864 1181 exhaereda—

446 1212 515 1257 vit
533 1230 546 1268 3
582 1221 629 1258 et
658 1211 715 1258 de
748 1211 1044 1258 Normannia
1076 1228 1183 1257 cum
1210 1212 1393 1275 Agnete
1424 1210 1519 1257 filia
1546 1210 1777 1258 Rodberti
1809 1209 1865 1257 de

447 1290 898 1345 Grentemaisnilio,
938 1308 1081 1354 quam
1117 1307 1271 1353 nuper
1308 1307 1507 1337 uxorem
1544 1289 1770 1345 duxerat,
1817 1289 1863 1334 in

448 1369 668 1433 Apuliam
694 1368 901 1433 expulit,
934 1367 1015 1414 ubi
1051 1379 1160 1431 post
1183 1368 1366 1432 aliquot
1394 1385 1567 1424 annOS,
1596 1385 1680 1431 per
1708 1377 1864 1413 extera

447 1447 678 1511 mappalia
699 1456 994 1511 pervagatus,
1017 1446 1162 1493 morti
1179 1445 1445 1491 succubuit.
1463 1444 1865 1508 Principisitaque

446 1524 672 1571 violentia
710 1524 878 1587 majori
919 1523 1067 1569 fratre
1106 1522 1302 1586 depulso
1335 1522 1502 1568 Simon
1535 1522 1784 1578 successit,
1820 1532 1866 1567 et

444 1603 605 1648 omnia
630 1620 737 1666 quae
753 1612 1069 1647 antecessores
1086 1601 1155 1646 sui
1173 1600 1397 1647 dederant
1414 1597 1734 1655 Uticensibus,
1757 1615 1863 1644 cum

1000 1687 1242 1741 gratanter
1265 1676 1452 1721 annuit.

513 1756 741 1819 Rogerius
765 1756 822 1802 de
847 1755 1288 1801 Monte-Gomerici
1307 1789 1320 1810 ,
1352 1765 1603 1818 postquam
1628 1753 1861 1800 Geroiana

445 1832 693 1896 progenies
733 1831 926 1888 cecidit,
968 1842 1124 1877 totum
1165 1831 1512 1894 patrimonium
1551 1830 1777 1876 Excalfoii
1818 1841 1864 1876 et

444 1908 770 1955 Monasterioli
804 1907 902 1954 fere
942 1923 1056 1954 xxv1
1085 1907 1221 1953 annis
1251 1906 1490 1971 possedit3
1530 1916 1576 1952 et
1611 1908 1659 1952 in
1692 1907 1860 1962 initio,

444 1987 675 2052 quamdiu
693 1986 884 2033 Mahilia
906 2003 1028 2032 uxor
1047 1988 1145 2049 ejus
1167 1987 1295 2050 (quae
1315 1985 1575 2032 Geroianos
1596 1983 1862 2029 Ebrulfiani

444 2066 719 2112 monasterii
746 2064 1022 2111 fundatores
1047 2082 1230 2128 semper
1254 2081 1418 2111 exosos
1440 2062 1690 2125 habuerat)
1714 2063 1833 2108 vixit
1849 2099 1859 2116 ‚

446 2141 749 2189 Uticensibus
764 2177 777 2198 ,
802 2141 879 2187 illa
899 2141 1173 2188 stimulante
1187 2177 1198 2197 ,
1225 2140 1443 2204 pluribus
1468 2139 1620 2186 modis
1639 2139 1863 2186 molestus

447 2219 624 2267 extitit.
660 2219 876 2284 Denique
899 2221 1054 2282 justus
1083 2218 1279 2275 arbiter,
1311 2219 1393 2283 qui
1427 2216 1754 2282 peccatoribus
1789 2218 1864 2280 pie

447 2298 628 2362 parcit,
657 2307 703 2344 et
730 2298 1089 2361 impoenitentes
1114 2297 1328 2343 districte
1357 2296 1590 2360 percutit,
1625 2295 1863 2342 crudelem

445 2374 701 2432 feminam,
733 2391 842 2440 quae
870 2374 1023 2421 multo
1055 2374 1280 2439 sanguine
1310 2371 1555 2430 madebat,
1593 2372 1863 2435 multosque

447 2450 631 2499 nobiles
655 2451 890 2499 violenter
915 2450 1235 2499 exhaeredatos
1268 2468 1353 2515 per
1380 2460 1572 2497 externa
1597 2448 1862 2495 mendicare

448 2540 689 2595 coegerat,
714 2530 929 2594 permisit
951 2530 1106 2594 perire
1128 2529 1283 2595 gladio
1303 2528 1540 2593 HugoniS,
1561 2527 1637 2573 cui
1658 2536 1862 2573 castrum

449 2608 579 2671 quod
605 2609 654 2654 in
685 2626 804 2672 rupe
827 2608 991 2672 Jalgeii
1021 2608 1165 2654 situm
1189 2618 1258 2654 est
1282 2609 1373 2671 (1),
1408 2605 1689 2661 abstulerat,
1719 2613 1765 2649 et
1797 2604 1862 2648 sic

447 1678 645 1723 Adelina
670 1680 871 1741 conjuge
895 1694 972 1722 sua

497 2797 545 2839 (ι)
573 2796 617 2829 La
637 2795 761 2831 Rochc
781 2796 898 2841 d’lgo„
922 2804 1051 2831 (tanton
1070 2797 1114 2831 de
1135 2796 1301 2832 Bellcinc.
