<?xml version="1.0" encoding="UTF-8"?>
<!DOCTYPE html PUBLIC "-//W3C//DTD XHTML 1.0 Transitional//EN"
    "http://www.w3.org/TR/xhtml1/DTD/xhtml1-transitional.dtd">
<html xmlns="http://www.w3.org/1999/xhtml" xml:lang="en" lang="en">
 <head>
  <title>
</title>
<meta http-equiv="Content-Type" content="text/html;charset=utf-8" />
  <meta name='ocr-system' content='tesseract 3.04.00' />
  <meta name='ocr-capabilities' content='ocr_page ocr_carea ocr_par ocr_line ocrx_word'/>
</head>
<body>
  <div class='ocr_page' id='page_1' title='image "./ordericivitalish02ordeuoft/ordericivitalish02ordeuoft_0169.png"; bbox 0 0 1951 3194; ppageno 0'>
   <div class='ocr_carea' id='block_1_1' title="bbox 169 255 1585 312">
    <p class='ocr_par' dir='ltr' id='par_1_1' title="bbox 169 255 1585 312">
     <span class='ocr_line' id='line_1_1' title="bbox 169 255 1585 312; baseline -0.004 -13"><span class='ocrx_word' id='word_1_1' title='bbox 169 261 312 312; x_wconf 86' lang='lat'>[1066]</span> <span class='ocrx_word' id='word_1_2' title='bbox 665 257 820 297; x_wconf 85' lang='lat' dir='ltr'>LIBER</span> <span class='ocrx_word' id='word_1_3' title='bbox 850 255 1085 295; x_wconf 88' lang='lat' dir='ltr'><strong>TERTIUS.</strong></span> <span class='ocrx_word' id='word_1_4' title='bbox 1508 258 1585 294; x_wconf 80' lang='lat'>123</span> 
     </span>
    </p>
   </div>
   <div class='ocr_carea' id='block_1_2' title="bbox 168 333 1605 2031">
    <p class='ocr_par' dir='ltr' id='par_1_2' title="bbox 168 333 1592 552">
     <span class='ocr_line' id='line_1_2' title="bbox 168 333 1586 401; baseline -0.004 -17"><span class='ocrx_word' id='word_1_5' title='bbox 168 355 299 385; x_wconf 87' lang='lat' dir='ltr'>mere</span> <span class='ocrx_word' id='word_1_6' title='bbox 336 347 503 384; x_wconf 91' lang='lat' dir='ltr'>contra</span> <span class='ocrx_word' id='word_1_7' title='bbox 536 338 786 401; x_wconf 84' lang='lat' dir='ltr'>perjurum</span> <span class='ocrx_word' id='word_1_8' title='bbox 811 336 1040 400; x_wconf 84' lang='lat' dir='ltr'>praecepit</span> <span class='ocrx_word' id='word_1_9' title='bbox 1060 370 1073 392; x_wconf 91' lang='lat'><strong><em>,</em></strong></span> <span class='ocrx_word' id='word_1_10' title='bbox 1102 344 1149 382; x_wconf 91' lang='lat' dir='ltr'>et</span> <span class='ocrx_word' id='word_1_11' title='bbox 1179 333 1407 381; x_wconf 81' lang='lat' dir='ltr'>vexillum</span> <span class='ocrx_word' id='word_1_12' title='bbox 1439 336 1586 380; x_wconf 87' lang='lat' dir='ltr'>sancti</span> 
     </span>
     <span class='ocr_line' id='line_1_3' title="bbox 168 410 1592 479; baseline -0.004 -16"><span class='ocrx_word' id='word_1_13' title='bbox 168 415 297 463; x_wconf 89' lang='lat' dir='ltr'>Petri</span> <span class='ocrx_word' id='word_1_14' title='bbox 322 414 554 479; x_wconf 88' lang='lat' dir='ltr'>apostoli,</span> <span class='ocrx_word' id='word_1_15' title='bbox 575 416 708 479; x_wconf 88' lang='lat' dir='ltr'>cujus</span> <span class='ocrx_word' id='word_1_16' title='bbox 731 414 913 460; x_wconf 88' lang='lat' dir='ltr'>meritis</span> <span class='ocrx_word' id='word_1_17' title='bbox 931 412 991 459; x_wconf 90' lang='lat' dir='ltr'>ab</span> <span class='ocrx_word' id='word_1_18' title='bbox 1025 412 1157 460; x_wconf 89' lang='lat' dir='ltr'>omni</span> <span class='ocrx_word' id='word_1_19' title='bbox 1181 411 1394 477; x_wconf 88' lang='lat' dir='ltr'>periculo</span> <span class='ocrx_word' id='word_1_20' title='bbox 1421 410 1592 458; x_wconf 87' lang='lat' dir='ltr'>defen—</span> 
     </span>
     <span class='ocr_line' id='line_1_4' title="bbox 169 492 694 552; baseline -0.008 -11"><span class='ocrx_word' id='word_1_21' title='bbox 169 492 388 552; x_wconf 79' lang='lat' dir='ltr'><strong>deretur,</strong></span> <span class='ocrx_word' id='word_1_22' title='bbox 416 492 694 539; x_wconf 80' lang='lat' dir='ltr'>transmisit,</span> 
     </span>
    </p>

    <p class='ocr_par' dir='ltr' id='par_1_3' title="bbox 169 565 1605 2031">
     <span class='ocr_line' id='line_1_5' title="bbox 235 565 1592 631; baseline -0.001 -16"><span class='ocrx_word' id='word_1_23' title='bbox 235 571 419 617; x_wconf 82' lang='lat' dir='ltr'><strong>Interea</strong></span> <span class='ocrx_word' id='word_1_24' title='bbox 445 570 487 615; x_wconf 88' lang='lat' dir='ltr'>T</span> <span class='ocrx_word' id='word_1_25' title='bbox 490 570 663 616; x_wconf 90' lang='lat' dir='ltr'>osticus</span> <span class='ocrx_word' id='word_1_26' title='bbox 693 572 743 613; x_wconf 91' lang='lat' dir='ltr'>in</span> <span class='ocrx_word' id='word_1_27' title='bbox 766 565 986 631; x_wconf 81' lang='lat' dir='ltr'>Angliam</span> <span class='ocrx_word' id='word_1_28' title='bbox 1014 566 1251 614; x_wconf 87' lang='lat' dir='ltr'>remeandi</span> <span class='ocrx_word' id='word_1_29' title='bbox 1287 566 1530 612; x_wconf 85' lang='lat' dir='ltr'>licentiam</span> <span class='ocrx_word' id='word_1_30' title='bbox 1564 565 1592 613; x_wconf 73' lang='grc' dir='ltr'>ἒι</span> 
     </span>
     <span class='ocr_line' id='line_1_6' title="bbox 169 644 1592 711; baseline -0.002 -18"><span class='ocrx_word' id='word_1_31' title='bbox 169 645 289 693; x_wconf 89' lang='lat' dir='ltr'>duce</span> <span class='ocrx_word' id='word_1_32' title='bbox 312 647 491 711; x_wconf 87' lang='lat' dir='ltr'>accepit</span> <span class='ocrx_word' id='word_1_33' title='bbox 503 682 516 703; x_wconf 88' lang='lat'>,</span> <span class='ocrx_word' id='word_1_34' title='bbox 537 647 673 710; x_wconf 85' lang='lat' dir='ltr'>eique</span> <span class='ocrx_word' id='word_1_35' title='bbox 683 644 914 690; x_wconf 85' lang='lat' dir='ltr'>auxilium</span> <span class='ocrx_word' id='word_1_36' title='bbox 929 662 1067 691; x_wconf 87' lang='lat' dir='ltr'>suum</span> <span class='ocrx_word' id='word_1_37' title='bbox 1085 655 1181 690; x_wconf 86' lang='lat' dir='ltr'>tam</span> <span class='ocrx_word' id='word_1_38' title='bbox 1193 661 1336 709; x_wconf 87' lang='lat' dir='ltr'>perse</span> <span class='ocrx_word' id='word_1_39' title='bbox 1349 662 1492 710; x_wconf 87' lang='lat' dir='ltr'>quam</span> <span class='ocrx_word' id='word_1_40' title='bbox 1505 661 1592 708; x_wconf 86' lang='lat' dir='ltr'>per</span> 
     </span>
     <span class='ocr_line' id='line_1_7' title="bbox 171 722 1594 787; baseline -0.002 -16"><span class='ocrx_word' id='word_1_41' title='bbox 171 742 335 773; x_wconf 87' lang='lat' dir='ltr'>omnes</span> <span class='ocrx_word' id='word_1_42' title='bbox 349 726 523 773; x_wconf 90' lang='lat' dir='ltr'>amicos</span> <span class='ocrx_word' id='word_1_43' title='bbox 540 742 647 771; x_wconf 88' lang='lat' dir='ltr'>suos</span> <span class='ocrx_word' id='word_1_44' title='bbox 672 723 875 770; x_wconf 85' lang='lat' dir='ltr'>firmiter</span> <span class='ocrx_word' id='word_1_45' title='bbox 902 722 1178 787; x_wconf 84' lang='lat' dir='ltr'><strong>spopondit.</strong></span> <span class='ocrx_word' id='word_1_46' title='bbox 1205 723 1295 770; x_wconf 88' lang='lat' dir='ltr'>Sed</span> <span class='ocrx_word' id='word_1_47' title='bbox 1314 724 1434 769; x_wconf 91' lang='lat' dir='ltr'>sicut</span> <span class='ocrx_word' id='word_1_48' title='bbox 1453 723 1594 787; x_wconf 88' lang='lat' dir='ltr'>scrip-</span> 
     </span>
     <span class='ocr_line' id='line_1_8' title="bbox 171 799 1593 865; baseline -0.001 -17"><span class='ocrx_word' id='word_1_49' title='bbox 171 811 276 848; x_wconf 91' lang='lat' dir='ltr'>tum</span> <span class='ocrx_word' id='word_1_50' title='bbox 293 812 387 848; x_wconf 88' lang='lat' dir='ltr'>est:</span> <span class='ocrx_word' id='word_1_51' title='bbox 411 802 568 848; x_wconf 86' lang='lat' dir='ltr'><em>Homo</em></span> <span class='ocrx_word' id='word_1_52' title='bbox 582 802 779 865; x_wconf 75' lang='lat' dir='ltr'>cogitat,</span> <span class='ocrx_word' id='word_1_53' title='bbox 796 800 929 846; x_wconf 77' lang='lat' dir='ltr'>Deus</span> <span class='ocrx_word' id='word_1_54' title='bbox 946 799 1138 846; x_wconf 77' lang='lat' dir='ltr'>ordinat</span> <span class='ocrx_word' id='word_1_55' title='bbox 1153 799 1247 863; x_wconf 85' lang='lat'>(1),</span> <span class='ocrx_word' id='word_1_56' title='bbox 1271 800 1427 846; x_wconf 86' lang='lat' dir='ltr'>evenit</span> <span class='ocrx_word' id='word_1_57' title='bbox 1437 800 1593 847; x_wconf 90' lang='lat' dir='ltr'>multo</span> 
     </span>
     <span class='ocr_line' id='line_1_9' title="bbox 171 878 1595 945; baseline -0.002 -19"><span class='ocrx_word' id='word_1_58' title='bbox 171 880 309 927; x_wconf 87' lang='lat' dir='ltr'>aliter</span> <span class='ocrx_word' id='word_1_59' title='bbox 325 897 467 945; x_wconf 85' lang='lat' dir='ltr'>quam</span> <span class='ocrx_word' id='word_1_60' title='bbox 492 878 724 944; x_wconf 75' lang='lat' dir='ltr'>sperabat.</span> <span class='ocrx_word' id='word_1_61' title='bbox 747 878 868 926; x_wconf 89' lang='lat' dir='ltr'>Nam</span> <span class='ocrx_word' id='word_1_62' title='bbox 891 878 948 925; x_wconf 89' lang='lat' dir='ltr'>de</span> <span class='ocrx_word' id='word_1_63' title='bbox 972 878 1291 927; x_wconf 86' lang='lat' dir='ltr'>Constantino</span> <span class='ocrx_word' id='word_1_64' title='bbox 1312 878 1384 941; x_wconf 81' lang='lat'>(2)</span> <span class='ocrx_word' id='word_1_65' title='bbox 1405 878 1595 942; x_wconf 81' lang='lat' dir='ltr'>pelagus</span> 
     </span>
     <span class='ocr_line' id='line_1_10' title="bbox 172 956 1593 1022; baseline -0.001 -19"><span class='ocrx_word' id='word_1_66' title='bbox 172 958 392 1014; x_wconf 85' lang='lat' dir='ltr'>intravit,</span> <span class='ocrx_word' id='word_1_67' title='bbox 421 957 498 1004; x_wconf 88' lang='lat' dir='ltr'>sed</span> <span class='ocrx_word' id='word_1_68' title='bbox 524 957 744 1022; x_wconf 79' lang='lat' dir='ltr'>Angliam</span> <span class='ocrx_word' id='word_1_69' title='bbox 760 957 992 1022; x_wconf 76' lang='lat' dir='ltr'>attingere</span> <span class='ocrx_word' id='word_1_70' title='bbox 1011 956 1280 1003; x_wconf 90' lang='lat' dir='ltr'>nullatenus</span> <span class='ocrx_word' id='word_1_71' title='bbox 1301 956 1477 1021; x_wconf 86' lang='lat' dir='ltr'>potuit.</span> <span class='ocrx_word' id='word_1_72' title='bbox 1500 957 1593 1002; x_wconf 92' lang='lat' dir='ltr'>He-</span> 
     </span>
     <span class='ocr_line' id='line_1_11' title="bbox 171 1033 1591 1098; baseline -0.001 -18"><span class='ocrx_word' id='word_1_73' title='bbox 171 1035 328 1081; x_wconf 86' lang='lat' dir='ltr'>raldus</span> <span class='ocrx_word' id='word_1_74' title='bbox 350 1036 478 1082; x_wconf 88' lang='lat' dir='ltr'>enim</span> <span class='ocrx_word' id='word_1_75' title='bbox 492 1052 620 1082; x_wconf 90' lang='lat' dir='ltr'>mare</span> <span class='ocrx_word' id='word_1_76' title='bbox 638 1035 832 1082; x_wconf 90' lang='lat' dir='ltr'>navium</span> <span class='ocrx_word' id='word_1_77' title='bbox 846 1034 1150 1098; x_wconf 79' lang='lat' dir='ltr'>militumque</span> <span class='ocrx_word' id='word_1_78' title='bbox 1169 1035 1303 1098; x_wconf 87' lang='lat' dir='ltr'>copia</span> <span class='ocrx_word' id='word_1_79' title='bbox 1323 1033 1564 1080; x_wconf 87' lang='lat' dir='ltr'>munierat</span> <span class='ocrx_word' id='word_1_80' title='bbox 1577 1069 1591 1090; x_wconf 88' lang='lat'><em>‚</em></span> 
     </span>
     <span class='ocr_line' id='line_1_12' title="bbox 173 1109 1596 1177; baseline -0.002 -19"><span class='ocrx_word' id='word_1_81' title='bbox 173 1129 234 1159; x_wconf 90' lang='lat' dir='ltr'>ne</span> <span class='ocrx_word' id='word_1_82' title='bbox 244 1112 349 1177; x_wconf 85' lang='lat' dir='ltr'>quis</span> <span class='ocrx_word' id='word_1_83' title='bbox 366 1111 579 1159; x_wconf 89' lang='lat' dir='ltr'>hostium</span> <span class='ocrx_word' id='word_1_84' title='bbox 593 1112 692 1158; x_wconf 88' lang='lat' dir='ltr'>sine</span> <span class='ocrx_word' id='word_1_85' title='bbox 704 1111 832 1176; x_wconf 79' lang='lat' dir='ltr'>gravi</span> <span class='ocrx_word' id='word_1_86' title='bbox 844 1109 1073 1157; x_wconf 88' lang='lat' dir='ltr'>conflictu</span> <span class='ocrx_word' id='word_1_87' title='bbox 1088 1111 1312 1158; x_wconf 82' lang='lat' dir='ltr'>introiret</span> <span class='ocrx_word' id='word_1_88' title='bbox 1329 1111 1377 1157; x_wconf 92' lang='lat' dir='ltr'>in</span> <span class='ocrx_word' id='word_1_89' title='bbox 1394 1127 1596 1175; x_wconf 78' lang='lat' dir='ltr'>regnum</span> 
     </span>
     <span class='ocr_line' id='line_1_13' title="bbox 175 1189 1594 1255; baseline -0.001 -19"><span class='ocrx_word' id='word_1_90' title='bbox 175 1191 305 1255; x_wconf 83' lang='lat' dir='ltr'>quod</span> <span class='ocrx_word' id='word_1_91' title='bbox 335 1190 664 1236; x_wconf 79' lang='lat' dir='ltr'>fraudulenter</span> <span class='ocrx_word' id='word_1_92' title='bbox 693 1190 941 1236; x_wconf 80' lang='lat' dir='ltr'>invaserat.</span> <span class='ocrx_word' id='word_1_93' title='bbox 975 1189 1195 1235; x_wconf 88' lang='lat' dir='ltr'>Tosticus</span> <span class='ocrx_word' id='word_1_94' title='bbox 1229 1189 1386 1253; x_wconf 89' lang='lat' dir='ltr'>itaque</span> <span class='ocrx_word' id='word_1_95' title='bbox 1411 1189 1594 1253; x_wconf 80' lang='lat' dir='ltr'>magnis</span> 
     </span>
     <span class='ocr_line' id='line_1_14' title="bbox 176 1266 1597 1332; baseline -0.001 -20"><span class='ocrx_word' id='word_1_96' title='bbox 176 1267 389 1332; x_wconf 80' lang='lat' dir='ltr'>undique</span> <span class='ocrx_word' id='word_1_97' title='bbox 425 1266 731 1332; x_wconf 81' lang='lat' dir='ltr'>premebatur</span> <span class='ocrx_word' id='word_1_98' title='bbox 762 1266 1010 1331; x_wconf 78' lang='lat' dir='ltr'>angustiis3</span> <span class='ocrx_word' id='word_1_99' title='bbox 1047 1275 1214 1330; x_wconf 81' lang='lat' dir='ltr'>utpote</span> <span class='ocrx_word' id='word_1_100' title='bbox 1248 1266 1331 1330; x_wconf 84' lang='lat' dir='ltr'>qui</span> <span class='ocrx_word' id='word_1_101' title='bbox 1369 1283 1455 1312; x_wconf 89' lang='lat' dir='ltr'>nec</span> <span class='ocrx_word' id='word_1_102' title='bbox 1498 1266 1597 1311; x_wconf 86' lang='lat' dir='ltr'>An-</span> 
     </span>
     <span class='ocr_line' id='line_1_15' title="bbox 177 1343 1599 1409; baseline -0.001 -19"><span class='ocrx_word' id='word_1_103' title='bbox 177 1345 320 1409; x_wconf 82' lang='lat' dir='ltr'>gliam</span> <span class='ocrx_word' id='word_1_104' title='bbox 342 1363 428 1409; x_wconf 86' lang='lat' dir='ltr'>per</span> <span class='ocrx_word' id='word_1_105' title='bbox 451 1345 631 1391; x_wconf 86' lang='lat' dir='ltr'>bellum</span> <span class='ocrx_word' id='word_1_106' title='bbox 658 1362 768 1390; x_wconf 89' lang='lat' dir='ltr'>cum</span> <span class='ocrx_word' id='word_1_107' title='bbox 793 1343 952 1408; x_wconf 85' lang='lat' dir='ltr'>paucis</span> <span class='ocrx_word' id='word_1_108' title='bbox 978 1354 1142 1390; x_wconf 86' lang='lat' dir='ltr'>contra</span> <span class='ocrx_word' id='word_1_109' title='bbox 1169 1344 1445 1390; x_wconf 87' lang='lat' dir='ltr'>innumeros</span> <span class='ocrx_word' id='word_1_110' title='bbox 1470 1343 1599 1389; x_wconf 85' lang='lat' dir='ltr'>inva-</span> 
     </span>
     <span class='ocr_line' id='line_1_16' title="bbox 178 1421 1599 1486; baseline 0 -18"><span class='ocrx_word' id='word_1_111' title='bbox 178 1421 312 1480; x_wconf 86' lang='lat' dir='ltr'>dere,</span> <span class='ocrx_word' id='word_1_112' title='bbox 349 1440 437 1470; x_wconf 88' lang='lat' dir='ltr'>nec</span> <span class='ocrx_word' id='word_1_113' title='bbox 470 1422 816 1470; x_wconf 81' lang='lat' dir='ltr'>Normanniam</span> <span class='ocrx_word' id='word_1_114' title='bbox 848 1433 1047 1486; x_wconf 86' lang='lat' dir='ltr'>propter</span> <span class='ocrx_word' id='word_1_115' title='bbox 1070 1422 1456 1469; x_wconf 84' lang='lat' dir='ltr'>contrarietatem</span> <span class='ocrx_word' id='word_1_116' title='bbox 1475 1439 1599 1468; x_wconf 88' lang='lat' dir='ltr'>ven-</span> 
     </span>
     <span class='ocr_line' id='line_1_17' title="bbox 181 1499 1596 1565; baseline -0.001 -18"><span class='ocrx_word' id='word_1_117' title='bbox 181 1511 342 1548; x_wconf 88' lang='lat' dir='ltr'>torum</span> <span class='ocrx_word' id='word_1_118' title='bbox 373 1511 561 1564; x_wconf 89' lang='lat' dir='ltr'>poterat</span> <span class='ocrx_word' id='word_1_119' title='bbox 594 1510 826 1565; x_wconf 87' lang='lat' dir='ltr'>repetere.</span> <span class='ocrx_word' id='word_1_120' title='bbox 869 1499 1007 1546; x_wconf 90' lang='lat' dir='ltr'>Unde</span> <span class='ocrx_word' id='word_1_121' title='bbox 1047 1499 1300 1565; x_wconf 82' lang='lat' dir='ltr'>Zephyro,</span> <span class='ocrx_word' id='word_1_122' title='bbox 1341 1499 1596 1564; x_wconf 83' lang='lat' dir='ltr'>Notoque‚</span> 
     </span>
     <span class='ocr_line' id='line_1_18' title="bbox 180 1577 1601 1643; baseline -0.001 -19"><span class='ocrx_word' id='word_1_123' title='bbox 180 1578 374 1643; x_wconf 83' lang='lat' dir='ltr'>aliisque</span> <span class='ocrx_word' id='word_1_124' title='bbox 395 1579 548 1625; x_wconf 84' lang='lat' dir='ltr'>ventis</span> <span class='ocrx_word' id='word_1_125' title='bbox 573 1578 845 1625; x_wconf 84' lang='lat' dir='ltr'>alternatim</span> <span class='ocrx_word' id='word_1_126' title='bbox 870 1577 1227 1641; x_wconf 83' lang='lat' dir='ltr'>impellentibus</span> <span class='ocrx_word' id='word_1_127' title='bbox 1251 1594 1449 1641; x_wconf 78' lang='lat' dir='ltr'>angores</span> <span class='ocrx_word' id='word_1_128' title='bbox 1471 1577 1601 1622; x_wconf 89' lang='lat' dir='ltr'>mul-</span> 
     </span>
     <span class='ocr_line' id='line_1_19' title="bbox 180 1655 1599 1721; baseline -0.001 -19"><span class='ocrx_word' id='word_1_129' title='bbox 180 1667 255 1703; x_wconf 91' lang='lat' dir='ltr'>tos</span> <span class='ocrx_word' id='word_1_130' title='bbox 293 1656 520 1720; x_wconf 77' lang='lat' dir='ltr'>pertulit,</span> <span class='ocrx_word' id='word_1_131' title='bbox 560 1668 607 1703; x_wconf 90' lang='lat' dir='ltr'>et</span> <span class='ocrx_word' id='word_1_132' title='bbox 638 1674 723 1720; x_wconf 87' lang='lat' dir='ltr'>per</span> <span class='ocrx_word' id='word_1_133' title='bbox 757 1673 952 1721; x_wconf 81' lang='lat' dir='ltr'>aequora</span> <span class='ocrx_word' id='word_1_134' title='bbox 990 1655 1294 1721; x_wconf 82' lang='lat' dir='ltr'>vagabundus</span> <span class='ocrx_word' id='word_1_135' title='bbox 1328 1655 1599 1702; x_wconf 88' lang='lat' dir='ltr'>discrimina</span> 
     </span>
     <span class='ocr_line' id='line_1_20' title="bbox 180 1733 1602 1799; baseline -0.001 -18"><span class='ocrx_word' id='word_1_136' title='bbox 180 1735 315 1798; x_wconf 85' lang='lat' dir='ltr'>plura</span> <span class='ocrx_word' id='word_1_137' title='bbox 340 1736 512 1782; x_wconf 87' lang='lat' dir='ltr'>metuit</span> <span class='ocrx_word' id='word_1_138' title='bbox 531 1755 545 1793; x_wconf 78' lang='lat'>3</span> <span class='ocrx_word' id='word_1_139' title='bbox 573 1735 724 1782; x_wconf 85' lang='lat' dir='ltr'>donec</span> <span class='ocrx_word' id='word_1_140' title='bbox 749 1735 940 1781; x_wconf 83' lang='lat' dir='ltr'>tandem</span> <span class='ocrx_word' id='word_1_141' title='bbox 959 1744 1066 1799; x_wconf 86' lang='lat' dir='ltr'>post</span> <span class='ocrx_word' id='word_1_142' title='bbox 1086 1735 1318 1799; x_wconf 88' lang='lat' dir='ltr'>plurimos</span> <span class='ocrx_word' id='word_1_143' title='bbox 1340 1733 1525 1781; x_wconf 84' lang='lat' dir='ltr'>labores</span> <span class='ocrx_word' id='word_1_144' title='bbox 1544 1733 1602 1780; x_wconf 88' lang='lat' dir='ltr'>ad</span> 
     </span>
     <span class='ocr_line' id='line_1_21' title="bbox 181 1811 1603 1879; baseline -0.001 -20"><span class='ocrx_word' id='word_1_145' title='bbox 181 1813 439 1860; x_wconf 87' lang='lat' dir='ltr'>Heraldum</span> <span class='ocrx_word' id='word_1_146' title='bbox 465 1832 624 1879; x_wconf 82' lang='lat' dir='ltr'>regem</span> <span class='ocrx_word' id='word_1_147' title='bbox 653 1813 1075 1878; x_wconf 82' lang='lat' dir='ltr'>Nortwigenarum</span> <span class='ocrx_word' id='word_1_148' title='bbox 1093 1849 1106 1869; x_wconf 88' lang='lat'>,</span> <span class='ocrx_word' id='word_1_149' title='bbox 1133 1813 1215 1878; x_wconf 84' lang='lat' dir='ltr'>qui</span> <span class='ocrx_word' id='word_1_150' title='bbox 1240 1811 1474 1876; x_wconf 83' lang='lat' dir='ltr'>Harafagh</span> <span class='ocrx_word' id='word_1_151' title='bbox 1494 1829 1603 1876; x_wconf 83' lang='lat' dir='ltr'>cog-</span> 
     </span>
     <span class='ocr_line' id='line_1_22' title="bbox 182 1886 1605 1953; baseline -0.001 -18"><span class='ocrx_word' id='word_1_152' title='bbox 182 1889 523 1937; x_wconf 83' lang='lat' dir='ltr'>nominabatur</span> <span class='ocrx_word' id='word_1_153' title='bbox 547 1892 641 1953; x_wconf 76' lang='lat'>(3),</span> <span class='ocrx_word' id='word_1_154' title='bbox 671 1891 878 1936; x_wconf 88' lang='lat' dir='ltr'>accessit.</span> <span class='ocrx_word' id='word_1_155' title='bbox 906 1890 990 1935; x_wconf 86' lang='lat' dir='ltr'>Cui</span> <span class='ocrx_word' id='word_1_156' title='bbox 1006 1925 1018 1946; x_wconf 95' lang='lat'><strong><em>,</em></strong></span> <span class='ocrx_word' id='word_1_157' title='bbox 1047 1907 1154 1935; x_wconf 90' lang='lat' dir='ltr'>cum</span> <span class='ocrx_word' id='word_1_158' title='bbox 1175 1888 1233 1935; x_wconf 86' lang='lat' dir='ltr'>ab</span> <span class='ocrx_word' id='word_1_159' title='bbox 1259 1905 1315 1935; x_wconf 93' lang='lat' dir='ltr'>eo</span> <span class='ocrx_word' id='word_1_160' title='bbox 1338 1886 1605 1934; x_wconf 84' lang='lat' dir='ltr'>honorifice</span> 
     </span>
     <span class='ocr_line' id='line_1_23' title="bbox 185 1964 1603 2031; baseline -0.004 -17"><span class='ocrx_word' id='word_1_161' title='bbox 185 1979 427 2031; x_wconf 82' lang='lat' dir='ltr'>susceptus</span> <span class='ocrx_word' id='word_1_162' title='bbox 446 1968 635 2026; x_wconf 87' lang='lat' dir='ltr'>fuisset,</span> <span class='ocrx_word' id='word_1_163' title='bbox 663 1967 826 2014; x_wconf 77' lang='lat' dir='ltr'>videns</span> <span class='ocrx_word' id='word_1_164' title='bbox 850 1967 979 2031; x_wconf 82' lang='lat' dir='ltr'>quod</span> <span class='ocrx_word' id='word_1_165' title='bbox 1001 1966 1250 2031; x_wconf 89' lang='lat' dir='ltr'>promissa,</span> <span class='ocrx_word' id='word_1_166' title='bbox 1274 1982 1381 2030; x_wconf 83' lang='lat' dir='ltr'>quae</span> <span class='ocrx_word' id='word_1_167' title='bbox 1403 1964 1603 2011; x_wconf 89' lang='lat' dir='ltr'>Willer-</span> 
     </span>
    </p>
   </div>
   <div class='ocr_carea' id='block_1_3' title="bbox 189 2164 1608 2744">
    <p class='ocr_par' dir='ltr' id='par_1_4' title="bbox 189 2164 1605 2329">
     <span class='ocr_line' id='line_1_24' title="bbox 231 2164 1601 2212; baseline -0.001 -13"><span class='ocrx_word' id='word_1_168' title='bbox 231 2165 281 2210; x_wconf 88' lang='lat'>(1)</span> <span class='ocrx_word' id='word_1_169' title='bbox 306 2165 375 2199; x_wconf 87' lang='lat' dir='ltr'>Cet</span> <span class='ocrx_word' id='word_1_170' title='bbox 393 2165 551 2208; x_wconf 83' lang='lat' dir='ltr'>axiome,</span> <span class='ocrx_word' id='word_1_171' title='bbox 571 2165 663 2200; x_wconf 87' lang='lat' dir='ltr'>dont</span> <span class='ocrx_word' id='word_1_172' title='bbox 675 2165 707 2199; x_wconf 91' lang='lat' dir='ltr'>le</span> <span class='ocrx_word' id='word_1_173' title='bbox 721 2164 897 2212; x_wconf 87' lang='lat' dir='ltr'>proverbe</span> <span class='ocrx_word' id='word_1_174' title='bbox 915 2164 1069 2212; x_wconf 65' lang='lat' dir='ltr'>frangtais</span> <span class='ocrx_word' id='word_1_175' title='bbox 1084 2179 1091 2199; x_wconf 74' lang='grc' dir='ltr'><strong>ε</strong></span> <span class='ocrx_word' id='word_1_176' title='bbox 1111 2164 1277 2199; x_wconf 81' lang='lat' dir='ltr'>l&#39;lzomme</span> <span class='ocrx_word' id='word_1_177' title='bbox 1289 2177 1444 2211; x_wconf 74' lang='lat' dir='ltr'>propose</span> <span class='ocrx_word' id='word_1_178' title='bbox 1458 2170 1493 2198; x_wconf 77' lang='lat' dir='ltr'>et</span> <span class='ocrx_word' id='word_1_179' title='bbox 1506 2164 1601 2198; x_wconf 57' lang='lat' dir='ltr'>Diem</span> 
     </span>
     <span class='ocr_line' id='line_1_25' title="bbox 189 2221 1605 2271; baseline -0.001 -15"><span class='ocrx_word' id='word_1_180' title='bbox 189 2221 351 2269; x_wconf 77' lang='lat' dir='ltr'>dispose,</span> <span class='ocrx_word' id='word_1_181' title='bbox 373 2231 427 2259; x_wconf 86' lang='lat' dir='ltr'>est</span> <span class='ocrx_word' id='word_1_182' title='bbox 440 2223 674 2271; x_wconf 76' lang='lat' dir='ltr'>l’equivalent</span> <span class='ocrx_word' id='word_1_183' title='bbox 686 2252 695 2268; x_wconf 84' lang='lat'>‚</span> <span class='ocrx_word' id='word_1_184' title='bbox 715 2236 761 2258; x_wconf 89' lang='lat' dir='ltr'>ne</span> <span class='ocrx_word' id='word_1_185' title='bbox 777 2236 813 2258; x_wconf 89' lang='lat' dir='ltr'>se</span> <span class='ocrx_word' id='word_1_186' title='bbox 827 2230 956 2258; x_wconf 85' lang='lat' dir='ltr'>trouve</span> <span class='ocrx_word' id='word_1_187' title='bbox 974 2235 1035 2270; x_wconf 87' lang='lat' dir='ltr'>pas</span> <span class='ocrx_word' id='word_1_188' title='bbox 1047 2222 1136 2257; x_wconf 86' lang='lat' dir='ltr'>dans</span> <span class='ocrx_word' id='word_1_189' title='bbox 1153 2223 1187 2258; x_wconf 81' lang='lat' dir='ltr'>la</span> <span class='ocrx_word' id='word_1_190' title='bbox 1201 2223 1303 2258; x_wconf 82' lang='lat' dir='ltr'>Bible</span> <span class='ocrx_word' id='word_1_191' title='bbox 1313 2250 1322 2267; x_wconf 88' lang='lat'>,</span> <span class='ocrx_word' id='word_1_192' title='bbox 1341 2235 1482 2257; x_wconf 83' lang='lat' dir='ltr'>comme</span> <span class='ocrx_word' id='word_1_193' title='bbox 1497 2221 1531 2255; x_wconf 87' lang='lat' dir='ltr'>la</span> <span class='ocrx_word' id='word_1_194' title='bbox 1545 2223 1605 2256; x_wconf 80' lang='lat' dir='ltr'>re—</span> 
     </span>
     <span class='ocr_line' id='line_1_26' title="bbox 190 2280 1130 2329; baseline 0.001 -15"><span class='ocrx_word' id='word_1_195' title='bbox 190 2280 338 2316; x_wconf 86' lang='lat' dir='ltr'>daction</span> <span class='ocrx_word' id='word_1_196' title='bbox 356 2281 401 2316; x_wconf 91' lang='lat' dir='ltr'>de</span> <span class='ocrx_word' id='word_1_197' title='bbox 420 2289 525 2317; x_wconf 86' lang='lat' dir='ltr'>notre</span> <span class='ocrx_word' id='word_1_198' title='bbox 542 2289 672 2317; x_wconf 85' lang='lat' dir='ltr'>auteur</span> <span class='ocrx_word' id='word_1_199' title='bbox 692 2282 902 2317; x_wconf 82' lang='lat' dir='ltr'>semblerait</span> <span class='ocrx_word' id='word_1_200' title='bbox 916 2281 1130 2329; x_wconf 81' lang='lat' dir='ltr'>l’indiquer.</span> 
     </span>
    </p>

    <p class='ocr_par' dir='ltr' id='par_1_5' title="bbox 192 2336 1607 2564">
     <span class='ocr_line' id='line_1_27' title="bbox 238 2336 1606 2388; baseline -0.002 -15"><span class='ocrx_word' id='word_1_201' title='bbox 238 2340 290 2384; x_wconf 82' lang='lat'>(2)</span> <span class='ocrx_word' id='word_1_202' title='bbox 313 2339 346 2373; x_wconf 87' lang='lat' dir='ltr'>N</span> <span class='ocrx_word' id='word_1_203' title='bbox 350 2346 427 2374; x_wconf 81' lang='lat' dir='ltr'>otre</span> <span class='ocrx_word' id='word_1_204' title='bbox 442 2348 571 2375; x_wconf 81' lang='lat' dir='ltr'>auteur</span> <span class='ocrx_word' id='word_1_205' title='bbox 589 2354 635 2376; x_wconf 91' lang='lat' dir='ltr'>ne</span> <span class='ocrx_word' id='word_1_206' title='bbox 653 2341 790 2388; x_wconf 79' lang='lat' dir='ltr'>signale</span> <span class='ocrx_word' id='word_1_207' title='bbox 809 2341 915 2388; x_wconf 86' lang='lat' dir='ltr'>point</span> <span class='ocrx_word' id='word_1_208' title='bbox 935 2340 1045 2375; x_wconf 84' lang='lat' dir='ltr'>d⁷une</span> <span class='ocrx_word' id='word_1_209' title='bbox 1062 2340 1225 2375; x_wconf 79' lang='lat' dir='ltr'>maniere</span> <span class='ocrx_word' id='word_1_210' title='bbox 1243 2339 1382 2386; x_wconf 81' lang='lat' dir='ltr'>precise</span> <span class='ocrx_word' id='word_1_211' title='bbox 1402 2337 1436 2372; x_wconf 88' lang='lat' dir='ltr'>le</span> <span class='ocrx_word' id='word_1_212' title='bbox 1453 2344 1539 2384; x_wconf 85' lang='lat' dir='ltr'>port</span> <span class='ocrx_word' id='word_1_213' title='bbox 1556 2336 1606 2370; x_wconf 90' lang='lat' dir='ltr'>du</span> 
     </span>
     <span class='ocr_line' id='line_1_28' title="bbox 192 2398 1607 2448; baseline -0.001 -15"><span class='ocrx_word' id='word_1_214' title='bbox 192 2398 368 2433; x_wconf 86' lang='lat' dir='ltr'>Cotentin</span> <span class='ocrx_word' id='word_1_215' title='bbox 387 2399 472 2433; x_wconf 72' lang='lat' dir='ltr'>d&#39;ou</span> <span class='ocrx_word' id='word_1_216' title='bbox 491 2401 617 2436; x_wconf 88' lang='lat' dir='ltr'>Tostic</span> <span class='ocrx_word' id='word_1_217' title='bbox 634 2401 765 2448; x_wconf 79' lang='lat' dir='ltr'>partit3</span> <span class='ocrx_word' id='word_1_218' title='bbox 785 2402 876 2436; x_wconf 88' lang='lat' dir='ltr'>mais</span> <span class='ocrx_word' id='word_1_219' title='bbox 902 2413 949 2436; x_wconf 90' lang='lat' dir='ltr'>on</span> <span class='ocrx_word' id='word_1_220' title='bbox 973 2401 1053 2435; x_wconf 88' lang='lat' dir='ltr'>doit</span> <span class='ocrx_word' id='word_1_221' title='bbox 1072 2401 1190 2435; x_wconf 82' lang='lat' dir='ltr'>croire</span> <span class='ocrx_word' id='word_1_222' title='bbox 1214 2412 1287 2447; x_wconf 88' lang='lat' dir='ltr'>que</span> <span class='ocrx_word' id='word_1_223' title='bbox 1310 2399 1429 2433; x_wconf 78' lang='lat' dir='ltr'>c’etait</span> <span class='ocrx_word' id='word_1_224' title='bbox 1452 2398 1496 2432; x_wconf 91' lang='lat' dir='ltr'>de</span> <span class='ocrx_word' id='word_1_225' title='bbox 1516 2398 1607 2432; x_wconf 78' lang='lat' dir='ltr'>Bar-</span> 
     </span>
     <span class='ocr_line' id='line_1_29' title="bbox 194 2457 1607 2509; baseline 0.001 -17"><span class='ocrx_word' id='word_1_226' title='bbox 194 2458 298 2493; x_wconf 90' lang='lat' dir='ltr'>fleur.</span> <span class='ocrx_word' id='word_1_227' title='bbox 319 2458 350 2492; x_wconf 91' lang='lat' dir='ltr'>Il</span> <span class='ocrx_word' id='word_1_228' title='bbox 368 2459 484 2505; x_wconf 80' lang='lat' dir='ltr'>parait</span> <span class='ocrx_word' id='word_1_229' title='bbox 502 2461 595 2495; x_wconf 83' lang='lat' dir='ltr'>aussi</span> <span class='ocrx_word' id='word_1_230' title='bbox 620 2473 691 2508; x_wconf 87' lang='lat' dir='ltr'>que</span> <span class='ocrx_word' id='word_1_231' title='bbox 714 2474 754 2496; x_wconf 89' lang='lat' dir='ltr'>ee</span> <span class='ocrx_word' id='word_1_232' title='bbox 780 2461 909 2509; x_wconf 84' lang='lat' dir='ltr'>depart</span> <span class='ocrx_word' id='word_1_233' title='bbox 928 2468 991 2496; x_wconf 85' lang='lat' dir='ltr'>eut</span> <span class='ocrx_word' id='word_1_234' title='bbox 1013 2461 1088 2496; x_wconf 82' lang='lat' dir='ltr'>lieu</span> <span class='ocrx_word' id='word_1_235' title='bbox 1106 2472 1185 2496; x_wconf 81' lang='lat' dir='ltr'>vers</span> <span class='ocrx_word' id='word_1_236' title='bbox 1210 2460 1415 2507; x_wconf 81' lang='lat' dir='ltr'>l’e&#39;quinoxe</span> <span class='ocrx_word' id='word_1_237' title='bbox 1433 2457 1483 2491; x_wconf 91' lang='lat' dir='ltr'>du</span> <span class='ocrx_word' id='word_1_238' title='bbox 1502 2458 1607 2505; x_wconf 85' lang='lat' dir='ltr'>prin-</span> 
     </span>
     <span class='ocr_line' id='line_1_30' title="bbox 193 2524 323 2564; baseline -0.015 -12"><span class='ocrx_word' id='word_1_239' title='bbox 193 2524 323 2564; x_wconf 83' lang='lat' dir='ltr'>temps.</span> 
     </span>
    </p>

    <p class='ocr_par' dir='ltr' id='par_1_6' title="bbox 198 2575 1608 2744">
     <span class='ocr_line' id='line_1_31' title="bbox 242 2575 1608 2626; baseline -0.001 -13"><span class='ocrx_word' id='word_1_240' title='bbox 242 2577 292 2623; x_wconf 76' lang='lat'>(3)</span> <span class='ocrx_word' id='word_1_241' title='bbox 307 2578 358 2613; x_wconf 90' lang='lat' dir='ltr'>Ce</span> <span class='ocrx_word' id='word_1_242' title='bbox 377 2578 502 2612; x_wconf 74' lang='lat' dir='ltr'>n&#39;etait</span> <span class='ocrx_word' id='word_1_243' title='bbox 518 2579 623 2624; x_wconf 82' lang='lat' dir='ltr'>point</span> <span class='ocrx_word' id='word_1_244' title='bbox 639 2579 780 2614; x_wconf 83' lang='lat' dir='ltr'>Harold</span> <span class='ocrx_word' id='word_1_245' title='bbox 798 2580 989 2626; x_wconf 57' lang='lat' dir='ltr'>Harsagen</span> <span class='ocrx_word' id='word_1_246' title='bbox 1007 2579 1193 2613; x_wconf 73' lang='lat' dir='ltr'>anterieur</span> <span class='ocrx_word' id='word_1_247' title='bbox 1207 2580 1226 2612; x_wconf 74' lang='lat' dir='ltr'>a</span> <span class='ocrx_word' id='word_1_248' title='bbox 1245 2588 1301 2611; x_wconf 89' lang='grc'>065</span> <span class='ocrx_word' id='word_1_249' title='bbox 1318 2577 1549 2612; x_wconf 75' lang='grc' dir='ltr'>6ν61161η6ηῐ5</span> <span class='ocrx_word' id='word_1_250' title='bbox 1562 2575 1608 2611; x_wconf 88' lang='lat' dir='ltr'>de</span> 
     </span>
     <span class='ocr_line' id='line_1_32' title="bbox 198 2635 1608 2684; baseline -0.001 -14"><span class='ocrx_word' id='word_1_251' title='bbox 198 2637 278 2681; x_wconf 81' lang='lat' dir='ltr'>plus</span> <span class='ocrx_word' id='word_1_252' title='bbox 298 2636 385 2671; x_wconf 85' lang='lat' dir='ltr'>d&#39;un</span> <span class='ocrx_word' id='word_1_253' title='bbox 403 2636 529 2678; x_wconf 72' lang='lat' dir='ltr'>siecle,</span> <span class='ocrx_word' id='word_1_254' title='bbox 551 2644 587 2670; x_wconf 88' lang='lat' dir='ltr'>et</span> <span class='ocrx_word' id='word_1_255' title='bbox 609 2638 883 2684; x_wconf 83' lang='lat' dir='ltr'>contemporain</span> <span class='ocrx_word' id='word_1_256' title='bbox 902 2638 947 2672; x_wconf 88' lang='lat' dir='ltr'>de</span> <span class='ocrx_word' id='word_1_257' title='bbox 964 2637 1115 2680; x_wconf 81' lang='lat' dir='ltr'>Rollon‚</span> <span class='ocrx_word' id='word_1_258' title='bbox 1136 2637 1200 2684; x_wconf 84' lang='lat' dir='ltr'>qui.</span> <span class='ocrx_word' id='word_1_259' title='bbox 1220 2635 1364 2683; x_wconf 75' lang='lat' dir='ltr'>regnait</span> <span class='ocrx_word' id='word_1_260' title='bbox 1381 2635 1474 2670; x_wconf 81' lang='lat' dir='ltr'>alors</span> <span class='ocrx_word' id='word_1_261' title='bbox 1496 2648 1558 2670; x_wconf 87' lang='lat' dir='ltr'>sur</span> <span class='ocrx_word' id='word_1_262' title='bbox 1575 2635 1608 2670; x_wconf 77' lang='lat' dir='ltr'>la</span> 
     </span>
     <span class='ocr_line' id='line_1_33' title="bbox 200 2694 1606 2744; baseline 0 -14"><span class='ocrx_word' id='word_1_263' title='bbox 200 2696 378 2744; x_wconf 65' lang='lat' dir='ltr'>Norwege</span> <span class='ocrx_word' id='word_1_264' title='bbox 391 2726 398 2740; x_wconf 87' lang='lat'>,</span> <span class='ocrx_word' id='word_1_265' title='bbox 422 2699 510 2731; x_wconf 77' lang='lat' dir='ltr'>mais</span> <span class='ocrx_word' id='word_1_266' title='bbox 528 2697 665 2732; x_wconf 58' lang='lat' dir='ltr'>Hau-old</span> <span class='ocrx_word' id='word_1_267' title='bbox 684 2698 752 2736; x_wconf 76' lang='lat' dir='ltr'>HL</span> <span class='ocrx_word' id='word_1_268' title='bbox 776 2699 985 2733; x_wconf 74' lang='lat' dir='ltr'>surnommc</span> <span class='ocrx_word' id='word_1_269' title='bbox 1003 2696 1214 2732; x_wconf 77' lang='lat' dir='ltr'>llaardrade</span> <span class='ocrx_word' id='word_1_270' title='bbox 1232 2708 1279 2731; x_wconf 89' lang='lat' dir='ltr'>ou</span> <span class='ocrx_word' id='word_1_271' title='bbox 1294 2696 1327 2730; x_wconf 90' lang='lat' dir='ltr'>lc</span> <span class='ocrx_word' id='word_1_272' title='bbox 1342 2695 1471 2731; x_wconf 69' lang='lat' dir='ltr'>Severe</span> <span class='ocrx_word' id='word_1_273' title='bbox 1484 2694 1606 2741; x_wconf 75' lang='lat'>(1045-</span> 
     </span>
    </p>
   </div>
   <div class='ocr_carea' id='block_1_4' title="bbox 208 2754 316 2800">
    <p class='ocr_par' dir='ltr' id='par_1_7' title="bbox 208 2754 316 2800">
     <span class='ocr_line' id='line_1_34' title="bbox 208 2754 316 2800; baseline -0.009 -11"><span class='ocrx_word' id='word_1_274' title='bbox 208 2754 316 2800; x_wconf 65' lang='lat'>1066).</span> 
     </span>
    </p>
   </div>
  </div>
 </body>
</html>
