1951 3194
150 243 418 291 [1061-1066]
637 240 791 278 LIBER
821 237 1055 278 TERTlUs.
1488 240 1560 278 113

148 319 323 383 potuit.
352 318 567 366 Tandem
590 319 917 384 magnanimus
943 319 1039 364 dux
1062 317 1251 381 Hugoni
1276 316 1333 363 de
1357 315 1565 363 Grente-

148 396 404 454 maisnilio,
417 398 498 461 qui
517 396 677 443 audaci
696 395 934 461 probitate
951 407 998 442 et
1016 395 1279 459 dapsilitate
1295 395 1566 459 praecipuus

150 484 274 531 erat,
306 474 506 522 consilio
542 474 733 538 Rogerii
770 474 826 520 de
858 472 1294 520 Monte-Gomerici
1315 508 1329 531 ‚
1360 472 1439 536 qui
1474 471 1565 517 sibi

149 551 293 597 nimis
312 553 481 598 vicinae
507 551 781 599 fortitudini
804 553 900 614 ejus
926 550 1189 609 invidebat,
1217 552 1355 615 eique
1378 549 1568 597 scanda-

150 628 251 674 lum
287 629 499 693 qualibet
539 640 638 676 arte
675 628 749 674 vel
791 639 965 675 eventu
998 639 1284 692 praestruere
1321 627 1568 691 cupiebat,

150 706 436 770 praedictum
461 707 690 770 oppidum
716 723 824 752 cum
848 705 1059 752 Geroldo
1084 705 1297 769 dapifero
1320 723 1575 752 commen-

153 781 305 840 davit,
332 795 378 829 et
401 783 699 830 medietatem
725 781 871 829 dedit.
895 781 958 827 At
983 781 1061 827 ille
1086 782 1341 828 tuitionem
1361 781 1574 844 praefatae

154 861 439 907 munitionis
464 871 706 925 gratanter
733 860 936 924 suscepit
952 895 966 916 ,
1006 860 1201 925 Deoque
1228 861 1425 923 juvante
1449 860 1575 905 intra

155 954 308 983 unum
332 955 513 984 annum
537 937 656 985 duos
680 937 1034 984 Belvacensium
1064 936 1295 982 maximos
1324 936 1577 999 optimates

158 1015 281 1078 cepit
295 1050 308 1071 ,
332 1016 701 1081 conterritisque
718 1015 911 1080 reliquis
929 1014 1144 1061 hostibus
1161 1024 1312 1061 totam
1330 1014 1577 1077 regionem

158 1091 206 1136 in
233 1092 315 1138 illo
340 1092 527 1140 climate
552 1093 832 1157 pacificavit.

221 1169 602 1218 Novo-Mercato
625 1182 833 1235 quatuor
859 1172 1074 1218 canonici
1101 1171 1341 1219 ecclesiam
1375 1171 1424 1217 S.
1451 1171 1580 1217 Petri

156 1247 358 1311 apostoli
383 1246 712 1311 possidebant,
734 1249 812 1296 sed
836 1250 920 1295 Dei
946 1248 1131 1294 cultum
1152 1249 1449 1313 negligenter
1471 1265 1581 1311 age-

158 1326 297 1381 bant,
327 1325 565 1390 vitamque
598 1344 728 1372 suam
762 1327 970 1372 multum
1004 1326 1293 1372 saeculariter
1319 1325 1575 1372 ducebant.

160 1401 298 1448 Unde
320 1403 646 1466 magnanimus
670 1405 807 1468 Hugo
830 1404 1128 1450 medietatem
1143 1439 1157 1461 ‚
1184 1421 1292 1467 quae
1325 1402 1411 1449 sibi
1445 1420 1582 1450 com-

159 1478 377 1542 petebat,
407 1480 612 1527 ecclesiae
628 1517 641 1538 ‚
678 1480 922 1528 monachis
947 1483 994 1527 S.
1022 1480 1213 1528 Ebrulfi
1243 1481 1476 1528 concessit
1500 1480 1582 1525 tali

160 1567 354 1614 tenore,
383 1568 437 1603 ut
460 1558 576 1605 dum.
597 1569 754 1606 morte
773 1559 847 1606 vel
865 1559 958 1605 alio
985 1557 1205 1623 quolibet
1231 1574 1339 1603 casu
1364 1557 1582 1603 canonici

160 1633 441 1692 deficerent,
470 1636 692 1682 monachi
718 1636 1039 1684 succederent.
1070 1636 1210 1697 Quod
1233 1646 1281 1682 et
1312 1635 1373 1681 ita
1400 1634 1583 1681 factum

160 1723 244 1757 est.
288 1711 409 1757 Nam
448 1712 633 1760 duobus
672 1715 911 1761 canonicis
927 1750 941 1771 ‚
980 1715 1062 1779 qui
1103 1714 1151 1759 in
1191 1723 1326 1777 parte
1365 1713 1582 1777 Hugonis

159 1801 320 1845 erant,
352 1790 460 1837 inde
490 1792 866 1849 discedentibus,
898 1791 1121 1839 monachi
1153 1802 1506 1846 successerunt,
1536 1801 1584 1837 et

160 1868 365 1914 ecclesiae
390 1869 691 1916 medietatem
714 1887 861 1933 usque
884 1869 1023 1916 hodie
1045 1868 1358 1932 possederunt
1371 1886 1384 1924 ς
1418 1866 1579 1931 ibique

160 1944 420 1992 Rotbertus
464 1946 632 1992 Calvus
675 1957 721 1993 et
761 1946 989 1992 Radulfus
1030 1945 1087 1992 de
1129 1944 1343 1991 Rosseria
1386 1960 1580 1990 necnon

161 2021 364 2068 Joannes
389 2022 446 2069 de
467 2023 661 2069 Belnaio
683 2023 757 2087 (1)
776 2058 789 2080 ,
813 2022 986 2087 aliique
1009 2020 1150 2086 probi
1174 2020 1319 2069 modo
1339 2018 1581 2067 habitave-

162 2111 296 2145 runt.

229 2178 446 2239 Quodam
469 2191 685 2246 tempore
710 2183 836 2228 inter
859 2199 980 2245 saepe
1004 2181 1307 2228 nominatum
1328 2179 1581 2243 Hugonem

164 2266 211 2302 et
222 2256 477 2303 Radulfum
489 2260 714 2306 comitem
727 2258 1108 2306 Medantensium
1122 2259 1211 2323 (2),
1230 2257 1437 2320 Philippi
1458 2255 1581 2319 regis

168 2490 187 2512 9,
206 2479 317 2513 1161165
337 2478 382 2512 N.
410 2478 456 2513 O.
483 2479 527 2512 de
550 2480 731 2514 Beauvais.
753 2481 877 2524 Quant
903 2493 948 2514 au
969 2479 1111 2514 celebre
1130 2479 1283 2513 chateau
1303 2476 1348 2510 de
1374 2476 1555 2510 Gerberoi
1569 2504 1578 2519 ,

166 2544 249 2572 tout
262 2537 294 2571 le
308 2536 441 2570 monde
455 2537 520 2571 sait
534 2538 621 2583 qu'il
643 2539 731 2572 etait
745 2540 838 2573 sitne
852 2541 871 2573 a
890 2552 899 2572 1
919 2538 1013 2572 liene
1029 2545 1064 2572 et
1079 2537 1198 2572 (1611116
1213 2536 1258 2570 N.
1276 2536 1318 2569 E.
1334 2534 1379 2568 de
1397 2533 1577 2568 Gournai.

215 2612 265 2653 (1)
290 2610 336 2643 La
355 2609 561 2644 Roussiere.
581 2610 702 2655 Voyez
723 2611 901 2645 ci-dcssus
920 2622 955 2655 p.
981 2607 1382 2656 17.—P1·obablement
1399 2606 1554 2641 Beaunai
1570 2634 1578 2649 ,

169 2673 299 2699 canton
316 2665 360 2700 de
379 2664 499 2699 Totcs.

217 2731 265 2775 (2)
290 2731 407 2766 Raoul
427 2732 461 2766 11
486 2731 540 2766 dit
559 2731 590 2766 le
609 2730 757 2776 Grand,
778 2737 897 2766 comte
923 2729 968 2765 dc
987 2729 1096 2775 Crepi
1116 2735 1151 2764 et
1169 2727 1214 2764 de
1235 2727 1381 2771 ValoiS‚
1406 2727 1518 2763 marie
1536 2739 1583 2761 cn

269 2806 320 2836 11.
1357 2789 1385 2833 8
