<?xml version="1.0" encoding="UTF-8"?>
<!DOCTYPE html PUBLIC "-//W3C//DTD XHTML 1.0 Transitional//EN"
    "http://www.w3.org/TR/xhtml1/DTD/xhtml1-transitional.dtd">
<html xmlns="http://www.w3.org/1999/xhtml" xml:lang="en" lang="en">
 <head>
  <title>
</title>
<meta http-equiv="Content-Type" content="text/html;charset=utf-8" />
  <meta name='ocr-system' content='tesseract 3.04.00' />
  <meta name='ocr-capabilities' content='ocr_page ocr_carea ocr_par ocr_line ocrx_word'/>
</head>
<body>
  <div class='ocr_page' id='page_1' title='image "./ordericivitalish02ordeuoft/ordericivitalish02ordeuoft_0417.png"; bbox 0 0 1951 3194; ppageno 0'>
   <div class='ocr_carea' id='block_1_1' title="bbox 113 207 1551 2214">
    <p class='ocr_par' dir='ltr' id='par_1_1' title="bbox 113 207 1540 1574">
     <span class='ocr_line' id='line_1_1' title="bbox 114 207 1527 258; baseline -0.001 -11"><span class='ocrx_word' id='word_1_1' title='bbox 114 208 383 258; x_wconf 74' lang='lat'>[1048-1109]</span> <span class='ocrx_word' id='word_1_2' title='bbox 588 208 741 247; x_wconf 88' lang='lat' dir='ltr'>LIBER</span> <span class='ocrx_word' id='word_1_3' title='bbox 771 207 1026 257; x_wconf 85' lang='lat' dir='ltr'><strong>QUARTUS.</strong></span> <span class='ocrx_word' id='word_1_4' title='bbox 1449 208 1527 247; x_wconf 72' lang='lat'><strong>285</strong></span> 
     </span>
     <span class='ocr_line' id='line_1_2' title="bbox 114 286 1522 353; baseline 0.001 -20"><span class='ocrx_word' id='word_1_5' title='bbox 114 287 254 347; x_wconf 86' lang='lat' dir='ltr'><strong>Quod</strong></span> <span class='ocrx_word' id='word_1_6' title='bbox 274 286 351 333; x_wconf 89' lang='lat' dir='ltr'><strong>ille</strong></span> <span class='ocrx_word' id='word_1_7' title='bbox 365 303 476 333; x_wconf 86' lang='lat' dir='ltr'><strong>mox</strong></span> <span class='ocrx_word' id='word_1_8' title='bbox 496 286 769 353; x_wconf 74' lang='lat' dir='ltr'><strong>benigniter</strong></span> <span class='ocrx_word' id='word_1_9' title='bbox 789 288 1035 335; x_wconf 80' lang='lat' dir='ltr'><strong>concessit.</strong></span> <span class='ocrx_word' id='word_1_10' title='bbox 1054 286 1331 351; x_wconf 79' lang='lat' dir='ltr'><strong>Vulfgeatus</strong></span> <span class='ocrx_word' id='word_1_11' title='bbox 1348 287 1522 352; x_wconf 68' lang='lat' dir='ltr'><strong>itaque,</strong></span> 
     </span>
     <span class='ocr_line' id='line_1_3' title="bbox 113 365 1524 430; baseline -0.001 -19"><span class='ocrx_word' id='word_1_12' title='bbox 113 375 365 430; x_wconf 84' lang='lat' dir='ltr'>postquam</span> <span class='ocrx_word' id='word_1_13' title='bbox 411 366 555 430; x_wconf 80' lang='lat' dir='ltr'><strong>longo</strong></span> <span class='ocrx_word' id='word_1_14' title='bbox 593 377 806 430; x_wconf 84' lang='lat' dir='ltr'><strong>tempore</strong></span> <span class='ocrx_word' id='word_1_15' title='bbox 843 365 1111 412; x_wconf 83' lang='lat' dir='ltr'><strong>Crulandiae</strong></span> <span class='ocrx_word' id='word_1_16' title='bbox 1159 382 1319 411; x_wconf 84' lang='lat' dir='ltr'><strong>curam</strong></span> <span class='ocrx_word' id='word_1_17' title='bbox 1355 366 1495 429; x_wconf 82' lang='lat' dir='ltr'><strong>gessit</strong></span> <span class='ocrx_word' id='word_1_18' title='bbox 1512 401 1524 421; x_wconf 63' lang='lat'>9</span> 
     </span>
     <span class='ocr_line' id='line_1_4' title="bbox 116 442 1529 507; baseline -0.001 -18"><span class='ocrx_word' id='word_1_19' title='bbox 116 460 264 490; x_wconf 86' lang='lat' dir='ltr'><strong>nonas</strong></span> <span class='ocrx_word' id='word_1_20' title='bbox 282 443 388 506; x_wconf 87' lang='lat' dir='ltr'><strong>julii</strong></span> <span class='ocrx_word' id='word_1_21' title='bbox 410 443 483 506; x_wconf 83' lang='lat'><strong>(1)</strong></span> <span class='ocrx_word' id='word_1_22' title='bbox 505 443 652 498; x_wconf 82' lang='lat' dir='ltr'><strong>obiit3</strong></span> <span class='ocrx_word' id='word_1_23' title='bbox 677 454 724 490; x_wconf 88' lang='lat' dir='ltr'><strong>et</strong></span> <span class='ocrx_word' id='word_1_24' title='bbox 741 442 1024 500; x_wconf 83' lang='lat' dir='ltr'><strong>Ulfketelus,</strong></span> <span class='ocrx_word' id='word_1_25' title='bbox 1047 443 1298 507; x_wconf 82' lang='lat' dir='ltr'><strong>Burgensis</strong></span> <span class='ocrx_word' id='word_1_26' title='bbox 1323 442 1529 489; x_wconf 80' lang='lat' dir='ltr'><strong>ecclesiae</strong></span> 
     </span>
     <span class='ocr_line' id='line_1_5' title="bbox 115 518 1530 584; baseline 0 -18"><span class='ocrx_word' id='word_1_27' title='bbox 115 519 391 575; x_wconf 85' lang='lat' dir='ltr'><strong>monachus,</strong></span> <span class='ocrx_word' id='word_1_28' title='bbox 410 519 679 566; x_wconf 83' lang='lat' dir='ltr'><strong>Crulandiae</strong></span> <span class='ocrx_word' id='word_1_29' title='bbox 690 520 901 583; x_wconf 80' lang='lat' dir='ltr'><strong>regimen</strong></span> <span class='ocrx_word' id='word_1_30' title='bbox 917 537 940 565; x_wconf 90' lang='lat' dir='ltr'><strong>a</strong></span> <span class='ocrx_word' id='word_1_31' title='bbox 957 537 1065 584; x_wconf 79' lang='lat' dir='ltr'><strong>rege</strong></span> <span class='ocrx_word' id='word_1_32' title='bbox 1077 519 1317 577; x_wconf 81' lang='lat' dir='ltr'>Eduardo,</span> <span class='ocrx_word' id='word_1_33' title='bbox 1330 518 1530 584; x_wconf 84' lang='lat' dir='ltr'><strong>jubente</strong></span> 
     </span>
     <span class='ocr_line' id='line_1_6' title="bbox 115 596 1530 660; baseline -0.001 -17"><span class='ocrx_word' id='word_1_34' title='bbox 115 597 336 644; x_wconf 89' lang='lat' dir='ltr'><strong>Leofrico</strong></span> <span class='ocrx_word' id='word_1_35' title='bbox 346 596 514 643; x_wconf 79' lang='lat' dir='ltr'><strong>abbate</strong></span> <span class='ocrx_word' id='word_1_36' title='bbox 527 614 630 651; x_wconf 86' lang='lat' dir='ltr'><strong>suo,</strong></span> <span class='ocrx_word' id='word_1_37' title='bbox 645 596 864 660; x_wconf 82' lang='lat' dir='ltr'><strong>suscepit.</strong></span> <span class='ocrx_word' id='word_1_38' title='bbox 882 596 968 641; x_wconf 89' lang='lat' dir='ltr'><strong>Hic</strong></span> <span class='ocrx_word' id='word_1_39' title='bbox 984 612 1100 643; x_wconf 83' lang='lat' dir='ltr'>xx1v</span> <span class='ocrx_word' id='word_1_40' title='bbox 1114 597 1249 642; x_wconf 89' lang='lat' dir='ltr'><strong>annis</strong></span> <span class='ocrx_word' id='word_1_41' title='bbox 1261 596 1530 642; x_wconf 78' lang='lat' dir='ltr'><strong>Crulandiae</strong></span> 
     </span>
     <span class='ocr_line' id='line_1_7' title="bbox 115 673 1531 738; baseline -0.001 -18"><span class='ocrx_word' id='word_1_42' title='bbox 115 673 337 738; x_wconf 83' lang='lat' dir='ltr'><strong>praefuit,</strong></span> <span class='ocrx_word' id='word_1_43' title='bbox 385 674 718 737; x_wconf 79' lang='lat' dir='ltr'><strong>ecclesiamque</strong></span> <span class='ocrx_word' id='word_1_44' title='bbox 756 689 928 719; x_wconf 86' lang='lat' dir='ltr'><strong>novam</strong></span> <span class='ocrx_word' id='word_1_45' title='bbox 974 673 993 735; x_wconf 83' lang='grc'><strong><em>&lt;</em></strong></span> <span class='ocrx_word' id='word_1_46' title='bbox 1010 673 1119 736; x_wconf 82' lang='lat' dir='ltr'><strong>quia</strong></span> <span class='ocrx_word' id='word_1_47' title='bbox 1167 682 1298 719; x_wconf 84' lang='lat' dir='ltr'><strong>vetus</strong></span> <span class='ocrx_word' id='word_1_48' title='bbox 1340 673 1531 718; x_wconf 83' lang='lat' dir='ltr'><strong>ruinam</strong></span> 
     </span>
     <span class='ocr_line' id='line_1_8' title="bbox 117 749 1531 814; baseline -0.001 -17"><span class='ocrx_word' id='word_1_49' title='bbox 117 750 413 812; x_wconf 83' lang='lat' dir='ltr'><strong>minabatur)</strong></span> <span class='ocrx_word' id='word_1_50' title='bbox 460 762 737 797; x_wconf 79' lang='lat' dir='ltr'><strong>construere</strong></span> <span class='ocrx_word' id='word_1_51' title='bbox 778 749 944 813; x_wconf 88' lang='lat' dir='ltr'><strong>coepit.</strong></span> <span class='ocrx_word' id='word_1_52' title='bbox 987 751 1101 814; x_wconf 80' lang='lat' dir='ltr'><strong>Ejus</strong></span> <span class='ocrx_word' id='word_1_53' title='bbox 1143 750 1199 795; x_wconf 88' lang='lat' dir='ltr'><strong>ad</strong></span> <span class='ocrx_word' id='word_1_54' title='bbox 1244 749 1335 796; x_wconf 90' lang='lat' dir='ltr'><strong>hoc</strong></span> <span class='ocrx_word' id='word_1_55' title='bbox 1382 767 1500 814; x_wconf 85' lang='lat' dir='ltr'><strong>opus</strong></span> <span class='ocrx_word' id='word_1_56' title='bbox 1518 786 1531 806; x_wconf 88' lang='lat'><em>‚</em></span> 
     </span>
     <span class='ocr_line' id='line_1_9' title="bbox 119 826 1534 892; baseline -0.003 -17"><span class='ocrx_word' id='word_1_57' title='bbox 119 829 378 892; x_wconf 83' lang='lat' dir='ltr'><strong>inspirante</strong></span> <span class='ocrx_word' id='word_1_58' title='bbox 423 828 520 873; x_wconf 89' lang='lat' dir='ltr'><strong>Deo</strong></span> <span class='ocrx_word' id='word_1_59' title='bbox 536 863 548 882; x_wconf 90' lang='lat'>,</span> <span class='ocrx_word' id='word_1_60' title='bbox 587 826 834 873; x_wconf 78' lang='lat' dir='ltr'><strong>Wallevus</strong></span> <span class='ocrx_word' id='word_1_61' title='bbox 874 843 1030 872; x_wconf 90' lang='lat' dir='ltr'><strong>comes</strong></span> <span class='ocrx_word' id='word_1_62' title='bbox 1065 826 1534 873; x_wconf 76' lang='lat' dir='ltr'><strong>Northamtoniensis</strong></span> 
     </span>
     <span class='ocr_line' id='line_1_10' title="bbox 118 904 1535 966; baseline -0.001 -14"><span class='ocrx_word' id='word_1_63' title='bbox 118 906 243 952; x_wconf 88' lang='lat' dir='ltr'><strong>filius</strong></span> <span class='ocrx_word' id='word_1_64' title='bbox 270 905 467 954; x_wconf 80' lang='lat' dir='ltr'><strong>Siwardi</strong></span> <span class='ocrx_word' id='word_1_65' title='bbox 497 905 627 951; x_wconf 89' lang='lat' dir='ltr'><strong>ducis</strong></span> <span class='ocrx_word' id='word_1_66' title='bbox 656 904 1100 951; x_wconf 85' lang='lat' dir='ltr'><strong>Northumbrorum</strong></span> <span class='ocrx_word' id='word_1_67' title='bbox 1130 904 1319 966; x_wconf 84' lang='lat' dir='ltr'><strong>adjutor</strong></span> <span class='ocrx_word' id='word_1_68' title='bbox 1343 904 1461 961; x_wconf 87' lang='lat' dir='ltr'><strong>suit,</strong></span> <span class='ocrx_word' id='word_1_69' title='bbox 1489 916 1535 952; x_wconf 83' lang='lat' dir='ltr'><strong>et</strong></span> 
     </span>
     <span class='ocr_line' id='line_1_11' title="bbox 118 980 1537 1046; baseline -0.001 -19"><span class='ocrx_word' id='word_1_70' title='bbox 118 982 301 1038; x_wconf 84' lang='lat' dir='ltr'><strong>villam,</strong></span> <span class='ocrx_word' id='word_1_71' title='bbox 323 999 431 1046; x_wconf 84' lang='lat' dir='ltr'><strong>quae</strong></span> <span class='ocrx_word' id='word_1_72' title='bbox 451 981 692 1028; x_wconf 86' lang='lat' dir='ltr'><strong>Bernecha</strong></span> <span class='ocrx_word' id='word_1_73' title='bbox 711 981 886 1027; x_wconf 86' lang='lat' dir='ltr'><strong>dicitur</strong></span> <span class='ocrx_word' id='word_1_74' title='bbox 904 982 1000 1045; x_wconf 84' lang='lat'><strong>(2),</strong></span> <span class='ocrx_word' id='word_1_75' title='bbox 1025 980 1339 1028; x_wconf 86' lang='lat' dir='ltr'><strong>servientibus</strong></span> <span class='ocrx_word' id='word_1_76' title='bbox 1363 982 1463 1028; x_wconf 85' lang='lat' dir='ltr'><strong>Deo</strong></span> <span class='ocrx_word' id='word_1_77' title='bbox 1489 992 1537 1028; x_wconf 80' lang='lat' dir='ltr'><strong>et</strong></span> 
     </span>
     <span class='ocr_line' id='line_1_12' title="bbox 120 1057 1538 1124; baseline 0.001 -20"><span class='ocrx_word' id='word_1_78' title='bbox 120 1059 169 1105; x_wconf 89' lang='lat' dir='ltr'><strong>S.</strong></span> <span class='ocrx_word' id='word_1_79' title='bbox 205 1057 439 1106; x_wconf 86' lang='lat' dir='ltr'><strong>Guthlaco</strong></span> <span class='ocrx_word' id='word_1_80' title='bbox 474 1058 618 1106; x_wconf 82' lang='lat' dir='ltr'><strong>dedit.</strong></span> <span class='ocrx_word' id='word_1_81' title='bbox 655 1059 745 1119; x_wconf 84' lang='lat' dir='ltr'><strong>Qui</strong></span> <span class='ocrx_word' id='word_1_82' title='bbox 778 1076 877 1106; x_wconf 86' lang='lat' dir='ltr'><strong>non</strong></span> <span class='ocrx_word' id='word_1_83' title='bbox 915 1059 1069 1106; x_wconf 87' lang='lat' dir='ltr'><strong>multo</strong></span> <span class='ocrx_word' id='word_1_84' title='bbox 1101 1071 1209 1123; x_wconf 89' lang='lat' dir='ltr'><strong>post</strong></span> <span class='ocrx_word' id='word_1_85' title='bbox 1244 1059 1538 1124; x_wconf 75' lang='lat' dir='ltr'><strong>malignitate</strong></span> 
     </span>
     <span class='ocr_line' id='line_1_13' title="bbox 120 1136 1539 1202; baseline 0.001 -20"><span class='ocrx_word' id='word_1_86' title='bbox 120 1136 532 1190; x_wconf 90' lang='lat' dir='ltr'><strong>Normannorum‚</strong></span> <span class='ocrx_word' id='word_1_87' title='bbox 560 1137 641 1202; x_wconf 85' lang='lat' dir='ltr'><strong>qui</strong></span> <span class='ocrx_word' id='word_1_88' title='bbox 665 1138 706 1183; x_wconf 89' lang='lat' dir='ltr'><strong>ei</strong></span> <span class='ocrx_word' id='word_1_89' title='bbox 728 1138 870 1183; x_wconf 87' lang='lat' dir='ltr'><strong>nimis</strong></span> <span class='ocrx_word' id='word_1_90' title='bbox 896 1136 1196 1196; x_wconf 81' lang='lat' dir='ltr'><strong>invidebant,</strong></span> <span class='ocrx_word' id='word_1_91' title='bbox 1221 1154 1423 1202; x_wconf 83' lang='lat' dir='ltr'><strong>eumque</strong></span> <span class='ocrx_word' id='word_1_92' title='bbox 1451 1156 1539 1201; x_wconf 84' lang='lat' dir='ltr'><strong>pro</strong></span> 
     </span>
     <span class='ocr_line' id='line_1_14' title="bbox 122 1214 1540 1279; baseline 0 -19"><span class='ocrx_word' id='word_1_93' title='bbox 122 1215 303 1278; x_wconf 78' lang='lat' dir='ltr'><strong>ingenti</strong></span> <span class='ocrx_word' id='word_1_94' title='bbox 338 1214 575 1278; x_wconf 80' lang='lat' dir='ltr'><strong>probitate</strong></span> <span class='ocrx_word' id='word_1_95' title='bbox 603 1217 700 1279; x_wconf 90' lang='lat' dir='ltr'><strong>ejus</strong></span> <span class='ocrx_word' id='word_1_96' title='bbox 729 1214 1030 1271; x_wconf 84' lang='lat' dir='ltr'><strong>metuebant,</strong></span> <span class='ocrx_word' id='word_1_97' title='bbox 1066 1215 1238 1278; x_wconf 86' lang='lat' dir='ltr'><strong>injuste</strong></span> <span class='ocrx_word' id='word_1_98' title='bbox 1271 1232 1381 1260; x_wconf 89' lang='lat' dir='ltr'><strong>cum</strong></span> <span class='ocrx_word' id='word_1_99' title='bbox 1407 1215 1540 1260; x_wconf 87' lang='lat' dir='ltr'><strong>luctu</strong></span> 
     </span>
     <span class='ocr_line' id='line_1_15' title="bbox 123 1290 1535 1356; baseline 0 -20"><span class='ocrx_word' id='word_1_100' title='bbox 123 1291 387 1337; x_wconf 86' lang='lat' dir='ltr'><strong>multorum</strong></span> <span class='ocrx_word' id='word_1_101' title='bbox 412 1291 564 1355; x_wconf 80' lang='lat' dir='ltr'><strong>pridie</strong></span> <span class='ocrx_word' id='word_1_102' title='bbox 591 1292 682 1337; x_wconf 86' lang='lat' dir='ltr'><strong>kal.</strong></span> <span class='ocrx_word' id='word_1_103' title='bbox 705 1292 826 1356; x_wconf 66' lang='lat' dir='ltr'><strong>junii</strong></span> <span class='ocrx_word' id='word_1_104' title='bbox 855 1290 1132 1338; x_wconf 81' lang='lat' dir='ltr'><strong>Guintoniae</strong></span> <span class='ocrx_word' id='word_1_105' title='bbox 1157 1292 1414 1340; x_wconf 81' lang='lat' dir='ltr'><strong>decollatus</strong></span> <span class='ocrx_word' id='word_1_106' title='bbox 1441 1302 1535 1348; x_wconf 86' lang='lat' dir='ltr'><strong>est;</strong></span> 
     </span>
     <span class='ocr_line' id='line_1_16' title="bbox 123 1368 1539 1434; baseline 0.001 -19"><span class='ocrx_word' id='word_1_107' title='bbox 123 1379 171 1415; x_wconf 90' lang='lat' dir='ltr'><strong>et</strong></span> <span class='ocrx_word' id='word_1_108' title='bbox 189 1386 361 1432; x_wconf 89' lang='lat' dir='ltr'><strong>corpus</strong></span> <span class='ocrx_word' id='word_1_109' title='bbox 377 1370 491 1433; x_wconf 86' lang='lat' dir='ltr'><strong>ejus,</strong></span> <span class='ocrx_word' id='word_1_110' title='bbox 508 1368 698 1415; x_wconf 85' lang='lat' dir='ltr'><strong>Juditha</strong></span> <span class='ocrx_word' id='word_1_111' title='bbox 719 1386 866 1416; x_wconf 83' lang='lat' dir='ltr'><strong>uxore</strong></span> <span class='ocrx_word' id='word_1_112' title='bbox 885 1371 982 1433; x_wconf 88' lang='lat' dir='ltr'><strong>ejus</strong></span> <span class='ocrx_word' id='word_1_113' title='bbox 1001 1381 1201 1434; x_wconf 82' lang='lat' dir='ltr'><strong>rogante</strong></span> <span class='ocrx_word' id='word_1_114' title='bbox 1219 1381 1265 1417; x_wconf 89' lang='lat' dir='ltr'><strong>et</strong></span> <span class='ocrx_word' id='word_1_115' title='bbox 1279 1370 1539 1417; x_wconf 80' lang='lat' dir='ltr'><strong>Guillelmo</strong></span> 
     </span>
     <span class='ocr_line' id='line_1_17' title="bbox 124 1446 1537 1512; baseline 0 -19"><span class='ocrx_word' id='word_1_116' title='bbox 124 1465 232 1512; x_wconf 82' lang='lat' dir='ltr'><strong>rege</strong></span> <span class='ocrx_word' id='word_1_117' title='bbox 265 1448 604 1511; x_wconf 83' lang='lat' dir='ltr'><strong>permittente,</strong></span> <span class='ocrx_word' id='word_1_118' title='bbox 647 1447 705 1494; x_wconf 88' lang='lat' dir='ltr'><strong>ab</strong></span> <span class='ocrx_word' id='word_1_119' title='bbox 742 1446 988 1495; x_wconf 78' lang='lat' dir='ltr'><strong>Ulfketelo</strong></span> <span class='ocrx_word' id='word_1_120' title='bbox 1025 1447 1194 1497; x_wconf 84' lang='lat' dir='ltr'><strong>abbate</strong></span> <span class='ocrx_word' id='word_1_121' title='bbox 1235 1448 1537 1494; x_wconf 79' lang='lat' dir='ltr'><strong>Crulandiam</strong></span> 
     </span>
     <span class='ocr_line' id='line_1_18' title="bbox 125 1525 436 1574; baseline 0.003 -2"><span class='ocrx_word' id='word_1_122' title='bbox 125 1525 333 1573; x_wconf 86' lang='lat' dir='ltr'><strong>delatum</strong></span> <span class='ocrx_word' id='word_1_123' title='bbox 352 1537 436 1574; x_wconf 85' lang='lat' dir='ltr'><strong>est.</strong></span> 
     </span>
    </p>

    <p class='ocr_par' dir='ltr' id='par_1_2' title="bbox 126 1604 1551 2214">
     <span class='ocr_line' id='line_1_19' title="bbox 190 1604 1546 1670; baseline 0 -20"><span class='ocrx_word' id='word_1_124' title='bbox 190 1606 302 1650; x_wconf 85' lang='lat' dir='ltr'><strong>Post</strong></span> <span class='ocrx_word' id='word_1_125' title='bbox 332 1622 431 1651; x_wconf 88' lang='lat' dir='ltr'><strong>non</strong></span> <span class='ocrx_word' id='word_1_126' title='bbox 465 1605 672 1652; x_wconf 71' lang='lat' dir='ltr'><strong>multum</strong></span> <span class='ocrx_word' id='word_1_127' title='bbox 701 1607 927 1670; x_wconf 88' lang='lat' dir='ltr'><strong>temporis</strong></span> <span class='ocrx_word' id='word_1_128' title='bbox 964 1605 1189 1670; x_wconf 84' lang='lat' dir='ltr'><strong>praefatus</strong></span> <span class='ocrx_word' id='word_1_129' title='bbox 1219 1604 1386 1662; x_wconf 81' lang='lat' dir='ltr'><strong>abbas,</strong></span> <span class='ocrx_word' id='word_1_130' title='bbox 1421 1622 1546 1669; x_wconf 85' lang='lat' dir='ltr'><strong>quo-</strong></span> 
     </span>
     <span class='ocr_line' id='line_1_20' title="bbox 126 1682 1546 1749; baseline -0.001 -21"><span class='ocrx_word' id='word_1_131' title='bbox 126 1683 254 1728; x_wconf 88' lang='lat' dir='ltr'><strong>niam</strong></span> <span class='ocrx_word' id='word_1_132' title='bbox 271 1683 532 1749; x_wconf 79' lang='lat' dir='ltr'><strong>Angligena</strong></span> <span class='ocrx_word' id='word_1_133' title='bbox 554 1694 652 1731; x_wconf 88' lang='lat' dir='ltr'><strong>erat</strong></span> <span class='ocrx_word' id='word_1_134' title='bbox 676 1694 722 1731; x_wconf 89' lang='lat' dir='ltr'><strong>et</strong></span> <span class='ocrx_word' id='word_1_135' title='bbox 746 1685 1037 1732; x_wconf 84' lang='lat' dir='ltr'><strong>Normannis</strong></span> <span class='ocrx_word' id='word_1_136' title='bbox 1055 1702 1222 1730; x_wconf 85' lang='lat' dir='ltr'><strong>exosus</strong></span> <span class='ocrx_word' id='word_1_137' title='bbox 1239 1720 1253 1742; x_wconf 82' lang='lat'>‚</span> <span class='ocrx_word' id='word_1_138' title='bbox 1279 1682 1336 1729; x_wconf 92' lang='lat' dir='ltr'><strong>ab</strong></span> <span class='ocrx_word' id='word_1_139' title='bbox 1362 1682 1546 1729; x_wconf 75' lang='lat' dir='ltr'><strong>aemulis</strong></span> 
     </span>
     <span class='ocr_line' id='line_1_21' title="bbox 127 1761 1548 1827; baseline 0 -21"><span class='ocrx_word' id='word_1_140' title='bbox 127 1771 364 1807; x_wconf 88' lang='lat' dir='ltr'><strong>accusatus</strong></span> <span class='ocrx_word' id='word_1_141' title='bbox 390 1772 483 1817; x_wconf 90' lang='lat' dir='ltr'><strong>est,</strong></span> <span class='ocrx_word' id='word_1_142' title='bbox 512 1773 558 1809; x_wconf 87' lang='lat' dir='ltr'><strong>et</strong></span> <span class='ocrx_word' id='word_1_143' title='bbox 580 1780 604 1808; x_wconf 86' lang='lat' dir='ltr'><strong>a</strong></span> <span class='ocrx_word' id='word_1_144' title='bbox 635 1762 902 1810; x_wconf 87' lang='lat' dir='ltr'><strong>Lanfranco</strong></span> <span class='ocrx_word' id='word_1_145' title='bbox 926 1762 1280 1827; x_wconf 84' lang='lat' dir='ltr'><strong>archiepiscopo</strong></span> <span class='ocrx_word' id='word_1_146' title='bbox 1307 1761 1548 1826; x_wconf 88' lang='lat' dir='ltr'><strong>depositus</strong></span> 
     </span>
     <span class='ocr_line' id='line_1_22' title="bbox 129 1837 1545 1904; baseline 0.001 -22"><span class='ocrx_word' id='word_1_147' title='bbox 129 1848 176 1883; x_wconf 90' lang='lat' dir='ltr'><strong>et</strong></span> <span class='ocrx_word' id='word_1_148' title='bbox 199 1837 457 1886; x_wconf 85' lang='lat' dir='ltr'><strong>Glestoniae</strong></span> <span class='ocrx_word' id='word_1_149' title='bbox 481 1840 686 1888; x_wconf 75' lang='lat' dir='ltr'><strong>claustro</strong></span> <span class='ocrx_word' id='word_1_150' title='bbox 706 1840 956 1904; x_wconf 91' lang='lat' dir='ltr'><strong>deputatus</strong></span> <span class='ocrx_word' id='word_1_151' title='bbox 976 1851 1045 1887; x_wconf 88' lang='lat' dir='ltr'><strong>est</strong></span> <span class='ocrx_word' id='word_1_152' title='bbox 1066 1841 1155 1903; x_wconf 74' lang='lat'><strong>(3).</strong></span> <span class='ocrx_word' id='word_1_153' title='bbox 1182 1840 1363 1887; x_wconf 84' lang='lat' dir='ltr'><strong>Deinde</strong></span> <span class='ocrx_word' id='word_1_154' title='bbox 1386 1840 1545 1903; x_wconf 77' lang='lat' dir='ltr'><strong>lngul-</strong></span> 
     </span>
     <span class='ocr_line' id='line_1_23' title="bbox 130 1914 1548 1964; baseline 0.003 -5"><span class='ocrx_word' id='word_1_155' title='bbox 130 1914 203 1960; x_wconf 85' lang='lat' dir='ltr'><strong>fus</strong></span> <span class='ocrx_word' id='word_1_156' title='bbox 218 1916 584 1963; x_wconf 88' lang='lat' dir='ltr'><strong>Fontinellensis</strong></span> <span class='ocrx_word' id='word_1_157' title='bbox 596 1917 856 1963; x_wconf 79' lang='lat' dir='ltr'><strong>monachus</strong></span> <span class='ocrx_word' id='word_1_158' title='bbox 874 1916 1112 1963; x_wconf 86' lang='lat' dir='ltr'><strong>abbatiam</strong></span> <span class='ocrx_word' id='word_1_159' title='bbox 1129 1917 1398 1963; x_wconf 78' lang='lat' dir='ltr'><strong>Crulandiae</strong></span> <span class='ocrx_word' id='word_1_160' title='bbox 1418 1917 1548 1964; x_wconf 82' lang='lat' dir='ltr'><strong>dono</strong></span> 
     </span>
     <span class='ocr_line' id='line_1_24' title="bbox 131 1991 1551 2059; baseline 0.001 -22"><span class='ocrx_word' id='word_1_161' title='bbox 131 1991 374 2039; x_wconf 78' lang='lat' dir='ltr'><strong>Guillelmi</strong></span> <span class='ocrx_word' id='word_1_162' title='bbox 394 1994 513 2055; x_wconf 76' lang='lat' dir='ltr'><strong>regis</strong></span> <span class='ocrx_word' id='word_1_163' title='bbox 532 1995 711 2058; x_wconf 86' lang='lat' dir='ltr'><strong>recepit</strong></span> <span class='ocrx_word' id='word_1_164' title='bbox 726 2030 738 2050; x_wconf 87' lang='lat'>‚</span> <span class='ocrx_word' id='word_1_165' title='bbox 766 2006 813 2041; x_wconf 93' lang='lat' dir='ltr'><strong>et</strong></span> <span class='ocrx_word' id='word_1_166' title='bbox 832 2011 944 2041; x_wconf 80' lang='lat' dir='ltr'>XXIV</span> <span class='ocrx_word' id='word_1_167' title='bbox 962 1996 1096 2040; x_wconf 89' lang='lat' dir='ltr'><strong>annis</strong></span> <span class='ocrx_word' id='word_1_168' title='bbox 1115 2013 1200 2059; x_wconf 83' lang='lat' dir='ltr'><strong>per</strong></span> <span class='ocrx_word' id='word_1_169' title='bbox 1218 1995 1446 2058; x_wconf 86' lang='lat' dir='ltr'><strong>plurimas</strong></span> <span class='ocrx_word' id='word_1_170' title='bbox 1468 1994 1551 2039; x_wconf 89' lang='lat' dir='ltr'><strong>ad-</strong></span> 
     </span>
     <span class='ocr_line' id='line_1_25' title="bbox 131 2071 1546 2138; baseline 0.001 -23"><span class='ocrx_word' id='word_1_171' title='bbox 131 2072 371 2118; x_wconf 82' lang='lat' dir='ltr'><strong>versitates</strong></span> <span class='ocrx_word' id='word_1_172' title='bbox 396 2073 519 2118; x_wconf 86' lang='lat' dir='ltr'><strong>rexit</strong></span> <span class='ocrx_word' id='word_1_173' title='bbox 544 2073 638 2136; x_wconf 68' lang='grc'>(4).</span> <span class='ocrx_word' id='word_1_174' title='bbox 673 2073 760 2118; x_wconf 79' lang='lat' dir='ltr'><strong>Hic</strong></span> <span class='ocrx_word' id='word_1_175' title='bbox 785 2074 978 2120; x_wconf 89' lang='lat' dir='ltr'><strong>natione</strong></span> <span class='ocrx_word' id='word_1_176' title='bbox 1001 2073 1232 2138; x_wconf 80' lang='lat' dir='ltr'><strong>Anglicus</strong></span> <span class='ocrx_word' id='word_1_177' title='bbox 1251 2082 1366 2129; x_wconf 83' lang='lat' dir='ltr'><strong>erat,</strong></span> <span class='ocrx_word' id='word_1_178' title='bbox 1397 2071 1546 2118; x_wconf 83' lang='lat' dir='ltr'><strong>scriba</strong></span> 
     </span>
     <span class='ocr_line' id='line_1_26' title="bbox 131 2148 1550 2214; baseline 0.001 -22"><span class='ocrx_word' id='word_1_179' title='bbox 131 2148 252 2212; x_wconf 80' lang='lat' dir='ltr'><strong>regis</strong></span> <span class='ocrx_word' id='word_1_180' title='bbox 277 2148 456 2205; x_wconf 85' lang='lat' dir='ltr'><strong>fuerat,</strong></span> <span class='ocrx_word' id='word_1_181' title='bbox 488 2148 794 2212; x_wconf 84' lang='lat' dir='ltr'><strong>postmodum</strong></span> <span class='ocrx_word' id='word_1_182' title='bbox 819 2149 1077 2197; x_wconf 87' lang='lat' dir='ltr'><strong>Jerusalem</strong></span> <span class='ocrx_word' id='word_1_183' title='bbox 1101 2160 1390 2214; x_wconf 82' lang='lat' dir='ltr'><strong>perrexerat.</strong></span> <span class='ocrx_word' id='word_1_184' title='bbox 1414 2148 1550 2195; x_wconf 76' lang='lat' dir='ltr'><strong>Unde</strong></span> 
     </span>
    </p>
   </div>
   <div class='ocr_carea' id='block_1_2' title="bbox 134 2353 1550 2757">
    <p class='ocr_par' dir='ltr' id='par_1_3' title="bbox 134 2353 1550 2447">
     <span class='ocr_line' id='line_1_27' title="bbox 179 2353 1550 2401; baseline -0.001 -13"><span class='ocrx_word' id='word_1_185' title='bbox 179 2355 229 2399; x_wconf 91' lang='lat'><strong>(1)</strong></span> <span class='ocrx_word' id='word_1_186' title='bbox 255 2354 309 2388; x_wconf 88' lang='lat' dir='ltr'><strong>En</strong></span> <span class='ocrx_word' id='word_1_187' title='bbox 334 2353 432 2389; x_wconf 85' lang='lat'><strong>1052.</strong></span> <span class='ocrx_word' id='word_1_188' title='bbox 447 2376 488 2379; x_wconf 89' lang='lat'><strong>——</strong></span> <span class='ocrx_word' id='word_1_189' title='bbox 501 2356 605 2390; x_wconf 86' lang='lat' dir='ltr'><strong>Ainsi</strong></span> <span class='ocrx_word' id='word_1_190' title='bbox 622 2362 716 2390; x_wconf 84' lang='lat' dir='ltr'><strong>cette</strong></span> <span class='ocrx_word' id='word_1_191' title='bbox 730 2356 864 2401; x_wconf 73' lang='lat' dir='ltr'><strong>longae</strong></span> <span class='ocrx_word' id='word_1_192' title='bbox 882 2355 1179 2390; x_wconf 75' lang='lat' dir='ltr'><strong>administration</strong></span> <span class='ocrx_word' id='word_1_193' title='bbox 1198 2366 1234 2389; x_wconf 88' lang='lat' dir='ltr'><strong>se</strong></span> <span class='ocrx_word' id='word_1_194' title='bbox 1252 2354 1368 2388; x_wconf 84' lang='lat' dir='ltr'><strong>borna</strong></span> <span class='ocrx_word' id='word_1_195' title='bbox 1384 2356 1403 2387; x_wconf 74' lang='lat' dir='ltr'><strong>a</strong></span> <span class='ocrx_word' id='word_1_196' title='bbox 1420 2361 1550 2401; x_wconf 80' lang='lat' dir='ltr'><strong>quatre</strong></span> 
     </span>
     <span class='ocr_line' id='line_1_28' title="bbox 134 2415 280 2447; baseline 0 0"><span class='ocrx_word' id='word_1_197' title='bbox 134 2415 280 2447; x_wconf 80' lang='lat' dir='ltr'><strong>annees.</strong></span> 
     </span>
    </p>

    <p class='ocr_par' dir='ltr' id='par_1_4' title="bbox 180 2471 1548 2519">
     <span class='ocr_line' id='line_1_29' title="bbox 180 2471 1548 2519; baseline 0 -13"><span class='ocrx_word' id='word_1_198' title='bbox 180 2473 230 2518; x_wconf 86' lang='lat'><strong>(2)</strong></span> <span class='ocrx_word' id='word_1_199' title='bbox 256 2471 430 2515; x_wconf 75' lang='lat' dir='ltr'><strong>Bai-nack,</strong></span> <span class='ocrx_word' id='word_1_200' title='bbox 453 2472 595 2507; x_wconf 73' lang='lat' dir='ltr'><strong>celebre</strong></span> <span class='ocrx_word' id='word_1_201' title='bbox 610 2485 704 2519; x_wconf 90' lang='lat' dir='ltr'><strong>pour</strong></span> <span class='ocrx_word' id='word_1_202' title='bbox 722 2486 775 2509; x_wconf 87' lang='lat' dir='ltr'><strong>ses</strong></span> <span class='ocrx_word' id='word_1_203' title='bbox 793 2474 980 2517; x_wconf 65' lang='lat' dir='ltr'><strong>carriei‘es,</strong></span> <span class='ocrx_word' id='word_1_204' title='bbox 1002 2474 1090 2508; x_wconf 87' lang='lat' dir='ltr'><strong>dans</strong></span> <span class='ocrx_word' id='word_1_205' title='bbox 1110 2474 1142 2509; x_wconf 88' lang='lat' dir='ltr'><strong>le</strong></span> <span class='ocrx_word' id='word_1_206' title='bbox 1158 2473 1548 2519; x_wconf 73' lang='lat' dir='ltr'><strong>Northamptonshirc.</strong></span> 
     </span>
    </p>

    <p class='ocr_par' dir='ltr' id='par_1_5' title="bbox 181 2530 435 2579">
     <span class='ocr_line' id='line_1_30' title="bbox 181 2530 435 2579; baseline -0.008 -13"><span class='ocrx_word' id='word_1_207' title='bbox 181 2530 231 2576; x_wconf 79' lang='lat'><strong>(5)</strong></span> <span class='ocrx_word' id='word_1_208' title='bbox 260 2532 314 2565; x_wconf 86' lang='lat' dir='ltr'><strong>En</strong></span> <span class='ocrx_word' id='word_1_209' title='bbox 337 2530 435 2579; x_wconf 83' lang='lat'><strong>1075.</strong></span> 
     </span>
    </p>

    <p class='ocr_par' dir='ltr' id='par_1_6' title="bbox 138 2591 1550 2757">
     <span class='ocr_line' id='line_1_31' title="bbox 182 2591 1550 2640; baseline 0.001 -15"><span class='ocrx_word' id='word_1_210' title='bbox 182 2593 232 2637; x_wconf 69' lang='lat'><strong>(4)</strong></span> <span class='ocrx_word' id='word_1_211' title='bbox 259 2591 521 2626; x_wconf 75' lang='lat' dir='ltr'><strong>l.’installati011</strong></span> <span class='ocrx_word' id='word_1_212' title='bbox 546 2591 767 2639; x_wconf 73' lang='lat' dir='ltr'><strong>d&#39;Ingulpbe</strong></span> <span class='ocrx_word' id='word_1_213' title='bbox 796 2600 858 2626; x_wconf 85' lang='lat' dir='ltr'><strong>eut</strong></span> <span class='ocrx_word' id='word_1_214' title='bbox 884 2593 958 2627; x_wconf 86' lang='lat' dir='ltr'><strong>lieu</strong></span> <span class='ocrx_word' id='word_1_215' title='bbox 984 2593 1016 2627; x_wconf 80' lang='lat' dir='ltr'><strong>lc</strong></span> <span class='ocrx_word' id='word_1_216' title='bbox 1042 2592 1085 2626; x_wconf 73' lang='lat'><strong>253</strong></span> <span class='ocrx_word' id='word_1_217' title='bbox 1113 2593 1254 2637; x_wconf 79' lang='lat' dir='ltr'><strong>janvier</strong></span> <span class='ocrx_word' id='word_1_218' title='bbox 1277 2591 1377 2640; x_wconf 81' lang='lat'><strong>1076.</strong></span> <span class='ocrx_word' id='word_1_219' title='bbox 1409 2592 1550 2638; x_wconf 67' lang='lat' dir='ltr'><strong>Voycz,</strong></span> 
     </span>
     <span class='ocr_line' id='line_1_32' title="bbox 138 2649 1549 2698; baseline 0.001 -16"><span class='ocrx_word' id='word_1_220' title='bbox 138 2650 226 2684; x_wconf 80' lang='lat' dir='ltr'><strong>daus</strong></span> <span class='ocrx_word' id='word_1_221' title='bbox 250 2662 315 2685; x_wconf 88' lang='lat' dir='ltr'><strong>son</strong></span> <span class='ocrx_word' id='word_1_222' title='bbox 340 2649 508 2689; x_wconf 66' lang='lat' dir='ltr'><strong>histoire.</strong></span> <span class='ocrx_word' id='word_1_223' title='bbox 531 2656 611 2685; x_wconf 86' lang='lat' dir='ltr'><strong>tous</strong></span> <span class='ocrx_word' id='word_1_224' title='bbox 633 2650 684 2685; x_wconf 82' lang='lat' dir='ltr'><strong>les</strong></span> <span class='ocrx_word' id='word_1_225' title='bbox 710 2651 838 2685; x_wconf 78' lang='lat' dir='ltr'><strong>details</strong></span> <span class='ocrx_word' id='word_1_226' title='bbox 866 2652 954 2698; x_wconf 77' lang='lat' dir='ltr'><strong>qu&#39;il</strong></span> <span class='ocrx_word' id='word_1_227' title='bbox 974 2652 1094 2686; x_wconf 77' lang='lat' dir='ltr'><strong>donne</strong></span> <span class='ocrx_word' id='word_1_228' title='bbox 1119 2664 1179 2685; x_wconf 83' lang='lat' dir='ltr'><strong>sur</strong></span> <span class='ocrx_word' id='word_1_229' title='bbox 1208 2658 1263 2686; x_wconf 71' lang='lat' dir='ltr'><strong>ccl:</strong></span> <span class='ocrx_word' id='word_1_230' title='bbox 1287 2653 1499 2686; x_wconf 72' lang='lat' dir='ltr'><strong>evenemcnt</strong></span> <span class='ocrx_word' id='word_1_231' title='bbox 1518 2659 1549 2686; x_wconf 70' lang='lat' dir='ltr'><strong>e(</strong></span> 
     </span>
     <span class='ocr_line' id='line_1_33' title="bbox 140 2709 1007 2757; baseline 0.005 -16"><span class='ocrx_word' id='word_1_232' title='bbox 140 2720 200 2742; x_wconf 75' lang='lat' dir='ltr'><strong>sur</strong></span> <span class='ocrx_word' id='word_1_233' title='bbox 218 2709 267 2744; x_wconf 82' lang='lat' dir='ltr'><strong>les</strong></span> <span class='ocrx_word' id='word_1_234' title='bbox 288 2711 553 2745; x_wconf 77' lang='lat' dir='ltr'><strong>circonstanccs</strong></span> <span class='ocrx_word' id='word_1_235' title='bbox 574 2710 634 2757; x_wconf 85' lang='lat' dir='ltr'><strong>qui</strong></span> <span class='ocrx_word' id='word_1_236' title='bbox 656 2710 821 2747; x_wconf 68' lang='lat' dir='ltr'><strong>l&#39;avaient</strong></span> <span class='ocrx_word' id='word_1_237' title='bbox 841 2711 1007 2757; x_wconf 74' lang='lat' dir='ltr'><strong>precede.</strong></span> 
     </span>
    </p>
   </div>
  </div>
 </body>
</html>
