1951 3194
327 266 400 303 146
690 263 932 301 insToniA
965 262 1367 302 ECCLEslASTicA.
1491 268 1588 314 [om.
1617 266 1736 315 1066]

323 347 549 407 Quiesce,
573 359 753 407 quaeso.
781 341 1053 388 Prudenter
1070 352 1278 389 tractare
1301 352 1457 390 tecum
1476 345 1594 391 velis
1617 344 1740 409 quid

317 440 424 469 cum
473 423 784 468 sacramentis
829 420 1015 467 consuli
1077 419 1393 468 Normannioe
1438 423 1729 487 promiseris.

320 502 447 549 Cave
477 518 535 547 ne
551 500 824 565 perjurium
847 502 1092 555 incurras,
1130 510 1174 544 et
1201 515 1291 564 pro
1321 508 1457 547 tanto
1481 501 1652 547 scelere
1681 510 1733 546 tu

313 596 424 625 cum
448 577 629 625 viribus
646 588 824 625 nostrae
841 580 992 640 gentis
1015 593 1231 634 corruas,
1271 587 1533 642 nostraeque
1555 596 1734 643 proge-

313 657 414 702 niei
430 673 800 721 permansurum
820 655 1029 702 dedecus
1049 653 1358 714 exindefias.
1386 656 1514 719 Ego,
1537 655 1655 701 liber
1669 656 1731 703 ab

311 737 442 780 omni
457 743 760 781 sacramento
776 769 789 791 ,
822 732 1081 779 Guillelmo
1105 734 1266 779 comiti
1291 731 1409 778 nihil
1430 732 1590 779 debeo.
1621 734 1733 779 Au·-

310 812 480 859 dacter
491 813 640 877 igitur
658 821 824 858 contra
844 810 981 856 illum
994 828 1082 875 pro
1098 809 1260 856 natali
1272 809 1371 856 solo
1389 820 1569 857 certare
1584 827 1733 875 para-

310 901 385 936 tus
407 908 531 937 sum.
564 890 642 935 Tu
663 900 842 945 autem)
853 885 1023 952 frater
1036 889 1104 934 mi
1111 926 1127 946 ,
1156 888 1321 952 quovis
1340 890 1390 933 in
1400 904 1524 952 pace
1542 888 1732 953 quiesce

308 979 352 1013 ec
377 978 590 1015 eventum
611 967 723 1014 belli
735 966 1042 1032 praestolare,
1072 984 1131 1013 ne
1154 966 1290 1013 clara
1315 965 1506 1012 libertas
1536 965 1730 1031 Anglo-

309 1065 413 1093 rum
432 1057 625 1094 corruat
650 1048 699 1092 in
721 1058 806 1092 tua
820 1046 1055 1111 pernicie.

372 1126 454 1171 His
479 1126 635 1190 itaque
659 1124 829 1171 auditis
849 1123 1150 1170 sermonibus
1166 1159 1178 1179 ‚
1216 1122 1444 1169 Heraldus
1468 1123 1727 1170 vehemen-

311 1214 380 1249 ter
399 1214 467 1250 est
492 1202 780 1267 indignatus.
805 1201 1069 1248 Consilium
1089 1199 1238 1257 istud,
1268 1200 1398 1265 quod
1416 1201 1577 1247 amicis
1601 1201 1728 1248 salu-

308 1280 391 1327 bre
417 1279 689 1336 videbatur,
719 1279 924 1343 sprevit,
945 1289 992 1325 et
1014 1295 1294 1342 germanum
1317 1295 1480 1334 suum,
1503 1278 1585 1343 qui
1611 1277 1727 1325 fide-

307 1359 414 1404 liter
443 1358 484 1403 ei
510 1355 878 1413 consiliabatur,
908 1355 1135 1401 conviciis
1170 1354 1400 1413 irritavit,
1431 1364 1726 1420 matremque

306 1454 461 1492 suam,
505 1453 613 1500 quae
639 1434 781 1481 nimis
820 1434 975 1498 ipsum
1013 1433 1221 1480 retinere
1262 1449 1420 1480 secum
1459 1432 1722 1497 satagebat,

306 1515 421 1577 pede
444 1514 710 1577 procaciter
733 1512 980 1575 percussit.
999 1511 1179 1556 Deinde
1199 1527 1283 1574 per
1307 1527 1384 1556 sex
1398 1509 1495 1556 dies
1513 1509 1725 1575 undique

305 1593 508 1656 populos
532 1593 589 1638 ad
612 1590 793 1638 bellum
818 1590 1005 1644 ascivit,
1043 1589 1342 1635 innumeram
1364 1588 1724 1636 multitudinem

304 1670 574 1735 Anglorum
601 1669 864 1724 contraxit,
892 1684 1146 1731 secumque
1165 1666 1398 1713 adducens
1420 1667 1467 1713 in
1487 1666 1643 1715 hostes
1667 1668 1724 1714 ad

306 1766 514 1813 pugnam
534 1747 789 1794 festinavit.
809 1745 1065 1793 Nocturno
1082 1745 1117 1790 si
1136 1743 1346 1809 quidem,
1367 1762 1447 1791 seu
1468 1746 1724 1808 repentino

306 1829 501 1872 incursu
524 1826 682 1872 minus
708 1835 870 1871 cautos
895 1823 1166 1888 opprimere
1183 1821 1420 1887 cogitabat
1439 1858 1452 1880 ‚
1471 1833 1518 1870 ct
1542 1841 1602 1869 ne
1621 1841 1724 1887 per—

306 1905 438 1969 fugio
462 1903 677 1963 abirent,
712 1907 1031 1966 septingentas
1066 1918 1204 1947 naves
1237 1901 1425 1946 armatis
1459 1911 1649 1947 onustas
1673 1902 1722 1948 in

304 1985 423 2030 mari
438 1993 740 2047 opposuerat.
763 1981 908 2045 Cujus
924 1981 1313 2027 accelerationem
1329 1980 1611 2027 VVillermus
1628 1980 1724 2027 dux

304 2072 358 2108 ut
381 2062 584 2118 audivit,
609 2079 775 2108 omnes
795 2078 904 2106 suos
923 2060 1094 2106 armari
1115 2077 1251 2106 mane
1269 2058 1447 2105 sabbati
1469 2060 1541 2123 (1)
1555 2060 1694 2123 jussit
1708 2095 1720 2113 ‚

301 2150 354 2186 et
375 2141 470 2203 ipse
493 2140 681 2185 missam
709 2138 911 2195 audivit,
941 2149 989 2183 et
1017 2137 1268 2184 dominicis
1292 2138 1592 2183 sacramentis
1612 2154 1724 2183 cor-

305 2236 393 2282 pus
418 2228 465 2263 et
497 2217 703 2262 animam
726 2216 959 2275 munivit,
997 2215 1315 2278 reliquiasque
1338 2223 1545 2269 sanctas,
1583 2231 1723 2277 super

303 2315 418 2362 quas
434 2295 934 2358 Heraldusjuraverat‚
957 2294 1081 2341 collo
1101 2309 1186 2339 suo
1211 2291 1457 2337 humiliter
1476 2291 1718 2355 appendit.

306 2373 530 2437 Religiosi
549 2389 739 2437 quoque
750 2371 837 2416 viri
853 2380 1146 2434 pugnaturos
1162 2386 1185 2414 e
1199 2368 1494 2414 Normannia
1508 2368 1721 2414 comitati

305 2452 513 2497 suerunt.
535 2449 656 2494 Nam
679 2448 774 2496 duo
793 2447 1044 2512 pontifices
1071 2467 1080 2492 :
1104 2446 1206 2492 Odo
1226 2446 1490 2492 Baiocensis
1515 2456 1561 2492 et
1588 2446 1720 2492 Gois-

310 2528 468 2574 fredus
499 2527 870 2583 Constantinus,
908 2524 1103 2572 aderant
1134 2543 1243 2570 cum
1276 2523 1519 2571 monachis
1549 2533 1594 2569 et
1624 2523 1720 2569 cle-

307 2607 416 2652 ricis
436 2606 623 2662 inultis3
640 2622 848 2670 quorum
865 2604 1072 2650 officium
1088 2613 1187 2650 crat
1206 2620 1417 2667 pugnare
1434 2599 1652 2665 precibus
1673 2612 1716 2647 et

352 2776 401 2818 (ik
430 2776 474 2809 Le
495 2776 629 2810 samodi
657 2780 693 2817 14
714 2776 881 2814 octobre,
901 2775 986 2819 jour
1004 2774 1048 2808 (lc
1068 2775 1097 2808 la
1121 2774 1188 2808 sete
1209 2774 1253 2806 ‹lc
1272 2774 1322 2807 Sl,
1346 2772 1494 2806 Calixtc.
