1951 3194
206 247 316 295 [ANTE
334 245 430 295 668]
695 245 849 284 LIBER
876 245 1112 287 TERTIUS.
1535 251 1612 288 135

202 341 346 388 quem
371 324 523 371 solum
549 323 804 382 habuerat,
831 335 876 372 et
900 334 1104 389 quatuor
1129 324 1414 388 pauperihus
1431 361 1445 383 ,
1476 343 1613 372 mur-

201 413 422 450 murante
450 402 681 451 Vulmaro
713 403 933 449 ministro
971 405 1094 466 ejus,
1127 401 1372 460 diviserat,
1408 413 1613 468 quatuor

201 479 439 525 naviculas
455 480 586 544 copia
611 479 703 525 cibi
735 491 781 526 et
800 490 941 543 potus
962 489 1154 527 onustas
1179 497 1263 544 per
1285 480 1458 528 Alteiffi
1485 480 1613 527 rivos

201 565 372 603 tractas
394 575 417 602 a
445 558 544 606 Deo
572 558 766 621 recepit.
794 557 974 604 Deinde
1014 558 1228 605 Runiaco
1264 577 1405 623 super
1432 559 1612 606 flumen

201 633 454 693 Quantiam
465 637 485 699 (
498 655 504 681 ι
517 636 538 699 )
557 635 821 683 oratorium
834 645 996 681 sancto
1009 635 1217 682 Martino
1234 637 1517 693 construxit,
1533 636 1616 682 ibi-

197 728 291 774 que
317 729 402 760 xlv
426 713 560 760 annis
586 711 830 758 habitavit.
857 711 1029 775 Aquila
1057 729 1106 759 XI
1129 714 1323 778 gallinas
1354 716 1395 761 ei
1420 715 1607 778 rapuit;

197 786 402 853 denique
425 807 534 835 cum
557 788 732 854 gallum
756 789 1009 852 rapuisset,
1035 789 1109 835 vir
1132 790 1215 836 Dei
1245 792 1433 855 signum
1460 792 1612 837 crucis

197 882 306 912 cum
324 884 462 929 prece
480 866 626 913 dedit.
649 870 760 913 Mox
779 866 933 930 aquila
952 865 1094 913 rediit
1107 902 1120 924 ,
1143 867 1319 931 gallum
1338 867 1611 915 incolumen

195 946 433 1008 exposuit,
460 955 506 992 et
530 946 763 993 continuo
786 945 1033 1008 expiravit.
1058 945 1312 1007 Quondam
1334 946 1449 992 dum
1471 947 1613 993 Judo-

193 1037 273 1067 cus
302 1039 410 1068 cum
442 1023 560 1070 duce
593 1024 826 1071 Haimone
853 1023 900 1068 in
935 1024 1075 1069 densa
1107 1024 1236 1089 sylva
1269 1023 1613 1071 habitationem

192 1098 279 1145 sibi
304 1117 564 1164 congruam
582 1110 820 1166 quaereret
833 1135 845 1156 ,
871 1111 918 1146 et
938 1100 1034 1146 dux
1054 1111 1229 1147 venatu
1248 1101 1394 1148 fessus
1407 1137 1419 1158 ,
1444 1102 1611 1147 nimia-

189 1194 282 1241 que
306 1177 382 1222 siti
417 1187 616 1224 aestuans
641 1177 895 1234 dormiret,
918 1177 990 1222 vir
1015 1177 1099 1224 Dei
1125 1177 1350 1223 baculum
1375 1195 1472 1242 quo
1504 1188 1609 1224 ute-

189 1252 331 1301 batur
353 1254 483 1301 humi
507 1255 694 1312 defixit,
722 1267 768 1302 et
791 1254 1011 1319 precibus
1034 1255 1092 1301 ad
1116 1256 1268 1302 Deum
1285 1255 1402 1302 fusis
1421 1255 1608 1302 fontem

189 1332 369 1380 eduxit.
392 1333 545 1393 Quem
563 1335 675 1398 aegri
699 1333 810 1379 illuc
829 1334 1074 1380 venientes
1095 1344 1405 1389 venerantur,
1428 1344 1475 1380 et
1498 1334 1608 1380 inde

188 1408 406 1457 bibentes
439 1412 535 1458 cito
560 1421 803 1457 sanantur.
833 1411 1004 1456 Servus
1036 1411 1118 1457 Dei
1149 1410 1245 1456 duo
1273 1409 1491 1456 manibus
1514 1411 1609 1456 suis

191 1487 240 1534 in
269 1489 398 1553 sylva
434 1507 490 1536 ex
524 1489 663 1552 lignis
697 1488 905 1534 oratoria
936 1487 1221 1534 construxit.
1249 1487 1413 1532 Unum
1440 1504 1608 1534 eorum

186 1563 302 1611 fecit
324 1567 466 1612 Petro
491 1566 601 1612 coeli
629 1564 860 1628 clavigero
876 1600 887 1620 ,
918 1576 964 1610 et
994 1563 1120 1610 aliud
1145 1564 1414 1628 magnilogo
1439 1565 1601 1610 Paulo.

187 1642 352 1690 Postea
385 1645 582 1690 Romam
616 1643 826 1708 perrexit
846 1678 858 1699 ,
902 1652 949 1690 et
981 1643 1089 1688 inde
1127 1643 1299 1688 multas
1331 1653 1604 1689 sanctorum

187 1721 410 1786 reliquias
435 1721 623 1770 detulit.
649 1722 820 1768 Juliula
848 1721 1002 1785 puella
1035 1739 1060 1767 a
1094 1722 1340 1768 nativitate
1375 1739 1495 1768 caeca
1519 1739 1605 1785 per

190 1800 348 1847 visum
369 1801 557 1849 monita
578 1811 647 1848 est
673 1810 728 1846 ut
750 1799 919 1847 faciem
940 1818 1072 1846 suam
1094 1818 1149 1846 ex
1169 1818 1287 1865 aqua
1308 1799 1433 1851 unde
1453 1800 1606 1847 Judo—

188 1893 267 1922 cus
283 1895 450 1924 manus
470 1896 571 1924 suas
590 1877 828 1933 ablueret,
850 1877 1040 1923 lavaret.
1062 1876 1206 1941 Quod
1224 1887 1276 1922 ut
1294 1876 1429 1933 fecit,
1450 1881 1604 1922 visum

188 1955 382 2018 recepit.
406 1956 508 2002 Hoc
531 1955 645 2001 dum
669 1955 743 2001 vir
768 1955 853 2001 Dei
878 1955 1023 2001 Roma
1048 1954 1225 2001 rediret
1248 1966 1406 2000 actum
1432 1964 1500 2001 est
1514 1990 1527 2011 ,
1557 1966 1604 2002 et

188 2048 304 2076 crux
316 2031 473 2096 lignea
488 2031 553 2078 ibi
567 2032 717 2096 posita
727 2030 944 2086 est,unde
955 2032 1085 2080 locus
1102 2033 1197 2096 ipse
1209 2033 1338 2078 Crux
1349 2032 1502 2078 dictus
1516 2044 1600 2078 est.

253 2109 460 2165 Interea,
488 2109 601 2155 dum
629 2109 837 2155 Judocus
860 2110 1061 2156 Romam
1091 2109 1401 2174 perrexisset,
1431 2109 1602 2155 Haimo

188 2184 283 2231 dux
313 2185 542 2249 lapideam
580 2188 627 2233 in
668 2203 828 2234 eremo
857 2187 1097 2234 ecclesiam
1125 2187 1419 2243 construxit,
1459 2204 1603 2250 quam

188 2272 296 2322 post
330 2262 537 2310 reditum
575 2264 781 2311 hominis
815 2266 902 2312 Dei
940 2266 989 2310 in
1026 2265 1209 2312 honore
1246 2264 1371 2311 beati
1406 2264 1601 2311 Martini

189 2337 392 2385 dedicari
423 2341 559 2398 fecit,
588 2355 635 2389 et
665 2362 754 2408 pro
785 2344 895 2391 dote
918 2344 1170 2409 quamdam
1194 2344 1354 2389 villam
1380 2342 1604 2406 proprie-

192 2414 300 2460 tatis
328 2433 421 2461 suae
445 2434 553 2464 cum
578 2420 802 2467 omnibus
833 2420 1117 2485 appenditiis
1141 2420 1197 2466 ad
1228 2438 1329 2466 eam
1352 2419 1603 2482 pertinen-

237 2620 288 2661 (1)
315 2618 344 2652 Il
364 2627 418 2654 est
437 2619 609 2666 probable
627 2633 698 2667 que
720 2622 804 2656 c’est
822 2622 854 2656 le
880 2622 953 2656 lieu
972 2623 1066 2657 situe
1088 2625 1106 2657 a
1128 2624 1213 2670 cinq
1235 2630 1361 2670 quai-ts
1380 2624 1425 2659 de
1442 2624 1536 2659 lieue
1555 2626 1600 2660 de

194 2676 407 2721 Montreuil,
430 2691 491 2713 sur
509 2679 539 2713 la
559 2680 723 2723 Canche,
746 2681 807 2727 qui
827 2693 846 2714 a
870 2681 945 2726 pris
963 2680 996 2714 le
1024 2693 1110 2715 nom
1126 2681 1171 2715 de
1189 2682 1431 2726 Saintalosse,
1457 2685 1475 2718 a
1496 2696 1601 2719 cause

193 2732 301 2769 d‘une
320 2737 453 2784 abbaye
473 2739 601 2775 dedice
620 2742 637 2774 a
653 2752 692 2774 cc
711 2741 803 2774 saint
818 2740 881 2787 qui
902 2753 922 2785 y
942 2740 997 2775 sut
1016 2741 1146 2776 ctablic
1164 2753 1229 2788 par
1249 2742 1281 2777 la
1300 2743 1405 2778 suite.
