1951 3194
391 268 469 307 464
759 265 1000 304 HISTORIA
1032 264 1432 303 ECCLESIASTICA.
1526 266 1797 316 [1118-1128]

394 347 575 394 latenus
602 344 890 390 successione
916 343 986 390 vel
1013 343 1278 390 mutatione
1301 343 1541 390 haeredum
1563 345 1800 391 Manlien-

393 427 453 471 sis
491 423 678 471 ecclesia
717 420 1000 485 praedictum
1037 421 1217 468 donum
1254 421 1498 485 perderet,
1535 423 1800 486 meritoque

394 521 482 566 pro
500 499 745 547 animabus
770 499 981 546 filiorum
1000 501 1097 564 ejus
1121 520 1130 545 ε
1153 500 1298 555 Petri,
1321 498 1507 545 Arnulfi
1526 509 1572 545 et
1590 500 1797 557 Milonis,

394 581 693 642 aliorumque
733 578 996 624 amicorum
1033 579 1129 641 ejus
1169 577 1319 623 Deum
1354 577 1533 641 jugiter
1567 588 1798 623 exoraret.

395 657 557 703 Paucis
588 656 793 721 denique
831 656 1074 702 transactis
1105 654 1293 710 diebus,
1328 655 1529 719 contigit
1552 654 1803 719 praefatum

396 735 611 782 Odonem
651 733 901 780 infirmari.
929 734 1001 779 Ex
1034 751 1125 798 qua
1164 732 1463 788 infirmitate,
1499 732 1628 779 velut
1649 731 1804 779 bonus

398 813 521 859 filius
559 813 615 859 de
645 812 827 876 flagello
855 812 1027 876 patris,
1057 810 1288 874 proficere
1312 811 1529 874 cupiens,
1559 812 1805 874 conjugem

396 908 525 935 suam
564 888 850 944 Belial-dem,
895 906 1073 934 nurum
1112 905 1303 952 quoque
1343 906 1472 933 suam
1511 886 1802 942 Corneliam,

399 967 544 1013 filiam
571 983 762 1031 quoque
792 965 999 1011 Siciliam
1030 982 1135 1010 cun]
1165 981 1339 1028 genero
1370 981 1454 1009 suo
1484 963 1722 1010 Gaufredo
1751 963 1807 1009 ad

399 1062 444 1090 se
478 1043 783 1095 convocavit,
818 1042 976 1105 eisque
1016 1039 1365 1095 annuentibus,
1409 1057 1571 1086 omnes
1607 1039 1807 1086 decimas

400 1138 501 1166 snas
538 1120 661 1175 Deo,
696 1128 963 1182 sanctaeque
1000 1117 1164 1163 Mariae
1197 1116 1404 1163 donavit.
1434 1115 1568 1163 Unde
1598 1116 1807 1180 praefatae

401 1198 645 1253 mulieres,
683 1214 773 1242 una
809 1213 917 1241 cum
954 1195 1221 1252 Gausredo,
1261 1214 1315 1242 ex
1354 1194 1531 1242 Odonis
1572 1204 1808 1258 praecepto

400 1275 659 1322 Ecclesiam
693 1274 961 1337 petierunt,
1001 1284 1047 1319 et
1078 1273 1257 1319 donum
1289 1290 1428 1336 super
1462 1272 1604 1318 altare
1638 1288 1809 1335 posue—

402 1363 536 1397 runt.
569 1351 675 1410 Quo
700 1351 842 1407 sacto,
871 1348 1152 1413 aegritudine
1177 1350 1543 1413 ingraxescente,
1570 1348 1718 1394 factus
1743 1358 1811 1394 est

404 1429 579 1476 ibidem
603 1427 889 1484 monachus,
922 1438 968 1474 et
1001 1429 1048 1473 in
1074 1427 1331 1473 infirmaria
1365 1427 1707 1474 monachorum
1733 1427 1810 1489 ja-

404 1507 503 1553 cuit
522 1523 551 1552 X
573 1506 755 1552 diebus.
781 1507 963 1552 Interea
982 1505 1250 1552 Gualterius
1267 1505 1447 1560 Audax,
1475 1504 1597 1550 filius
1621 1505 1734 1567 ejus,
1756 1503 1812 1549 de

407 1583 710 1645 Trecassino(
723 1600 730 1627 ι
744 1583 780 1643 ),
799 1581 879 1627 ubi
893 1581 973 1627 diu
986 1592 1195 1628 moratus
1207 1581 1377 1638 fuerat,
1392 1581 1597 1637 advenit,
1612 1590 1813 1644 patrem-

405 1678 496 1724 que
522 1658 673 1705 adhuc
699 1660 932 1705 viventem
960 1660 1152 1722 reperit.
1176 1659 1214 1703 A
1237 1676 1333 1723 quo
1352 1669 1559 1723 rogatus,
1582 1657 1813 1722 quidquid

406 1738 595 1801 genitor
620 1736 842 1782 Ecclesiae
867 1737 949 1782 Dei
978 1736 1195 1792 dederat,
1223 1746 1270 1781 et
1296 1747 1511 1799 parentes
1536 1735 1604 1781 sui
1630 1752 1813 1780 annue-

406 1825 541 1870 rant,
572 1814 667 1878 ipse
688 1813 917 1860 concessit
941 1833 950 1858 :
976 1813 1064 1858 tria
1084 1812 1474 1876 videlicetjugera
1503 1824 1640 1857 terrae
1658 1847 1669 1867 ‚
1697 1812 1813 1857 duos

408 1892 505 1937 vini
536 1891 719 1937 modios
752 1907 1045 1954 unoquoque
1070 1908 1224 1947 anno,
1253 1907 1416 1937 omnes
1448 1890 1665 1944 decimas,
1701 1906 1813 1953 quas

409 1979 540 2032 pater
566 1969 661 2031 ejus
690 1966 954 2031 possederat
982 1968 1028 2013 in
1057 1984 1243 2013 annona
1260 2003 1271 2023 ,
1302 1967 1349 2013 in
1373 1967 1485 2014 vino
1510 1977 1556 2013 et
1581 1967 1627 2012 in
1653 1966 1815 2029 primi-

409 2045 499 2090 tiis.
521 2043 733 2104 Quarum
749 2044 964 2090 omnium
981 2062 1138 2090 rerum
1154 2080 1167 2100 ,
1188 2054 1380 2090 mortuo
1400 2054 1529 2107 patre
1547 2054 1592 2089 et
1610 2041 1810 2106 sepulto,

409 2121 677 2168 Gualterius
709 2120 891 2166 donum
923 2138 1062 2184 super
1091 2120 1234 2166 altare
1268 2121 1314 2165 S.
1349 2120 1431 2166 Dei
1461 2119 1701 2183 genitricis
1732 2135 1816 2182 per

412 2216 562 2244 unum
591 2197 767 2243 librum
792 2199 950 2255 misit3
979 2209 1025 2244 et
1058 2209 1239 2262 patrem
1276 2198 1505 2253 imitatus,
1548 2197 1636 2242 huc
1671 2213 1815 2261 usquc

410 2276 563 2323 honus
587 2276 932 2323 monachorum
957 2277 1136 2322 vicinus
1163 2276 1332 2323 extitit.

477 2356 713 2418 Tempore
737 2354 948 2418 Hugonis
971 2354 1027 2400 de
1045 2354 1219 2400 Vaceio
1241 2354 1309 2416 (2)
1333 2363 1379 2399 et
1402 2351 1572 2409 David,
1591 2351 1817 2397 aliorum-

409 2450 501 2498 que
516 2433 749 2496 priorum,
771 2432 851 2496 qui
871 2432 1060 2477 Manliae
1076 2430 1410 2477 laboraverunt
1427 2429 1625 2486 utiliter,
1643 2438 1812 2474 notum

411 2511 504 2555 suit
545 2510 731 2566 multis,
768 2520 1031 2573 notumque
1062 2509 1164 2555 fore
1198 2507 1416 2554 volumus
1450 2506 1646 2570 posteris
1685 2503 1814 2567 quod

460 2704 507 2745 (i)
537 2703 580 2735 Le
602 2703 784 2736 territoirc
803 2702 846 2736 de
866 2704 1002 2747 'frates
1026 2715 1068 2736 en
1091 2703 1338 2749 Champagnc.

462 2762 509 2806 (zsjn
536 2762 633 2795 (lare
654 2762 798 2801 (Orno).
