1951 3194
145 260 284 310 [1074]
646 260 797 298 LIBER
826 260 1079 309 QUARTUS.
1483 266 1559 301 2433

145 337 369 386 omnibus
383 339 545 402 captis,
561 341 897 404 cujuscumque
911 341 1199 388 conditionis
1211 342 1322 399 sint,
1335 342 1422 389 dex
1430 353 1557 391 trum

144 417 331 481 pedem,
348 427 401 462 ut
416 416 745 474 notificentur,
760 428 1025 482 amputant.
1044 419 1297 465 Radulfum
1309 420 1557 469 Britonem

144 494 200 540 ad
230 504 436 539 castrum
465 511 604 540 suum
630 493 896 558 fugientem
920 507 1291 560 persequuntur,
1323 497 1401 544 sed
1430 515 1559 545 com-

143 569 436 634 prehendere
469 580 732 636 nequeunt.
766 570 1057 636 Conglobata
1091 572 1310 637 deinceps
1339 574 1561 621 multitu-

143 647 254 694 dine
272 648 623 713 Northguicum
645 648 866 695 obsident
890 659 936 695 et
958 649 1266 713 impugnant,
1288 652 1440 700 socios
1458 652 1561 699 for-

146 724 349 772 titudine
379 736 425 772 et
457 724 686 771 industria
714 725 910 771 militari
937 724 1282 784 corroborant,
1310 739 1357 775 et
1383 728 1561 776 crebris

143 802 395 848 assultibus
431 803 664 867 variisque
695 802 1129 850 machinationibus
1160 805 1366 852 inclusos
1406 807 1561 855 hostes

143 878 463 937 circumdant,
485 891 531 926 et
549 897 635 943 per
654 891 749 926 tres
769 897 952 927 menses
974 880 1250 944 importune
1268 895 1496 946 premunt
1516 897 1563 931 et

142 954 357 1019 fatigant.
386 954 573 1003 Vindex
604 956 780 1003 deforis
813 957 1047 1003 exercitus
1076 957 1290 1022 quotidie
1324 960 1492 1006 crescit
1516 971 1563 1007 et

143 1031 464 1091 confortatur,
491 1043 538 1080 et
559 1034 693 1097 copia
715 1034 884 1090 victus,
907 1034 1200 1100 aliarumque
1220 1053 1381 1083 rerum
1401 1039 1466 1085 eis
1484 1040 1563 1102 (ne

141 1109 411 1157 deficientes
431 1109 703 1173 abscedant)
727 1110 914 1158 abunde
932 1111 1310 1160 administratur.
1334 1115 1562 1161 Radulfus

142 1197 300 1233 autem
325 1187 382 1233 de
411 1186 615 1245 Guader,
650 1198 705 1233 ut
733 1205 829 1235 sese
858 1188 923 1235 sic
950 1188 1215 1236 inclusione
1246 1191 1562 1237 constrictum

143 1265 287 1323 vidit,
315 1275 363 1311 et
383 1265 569 1312 nullum
589 1265 879 1330 adjutorium
902 1285 926 1313 a
948 1267 1041 1313 suis
1065 1268 1378 1332 complicibus
1401 1288 1563 1334 spera—

142 1343 229 1400 vit,
246 1343 566 1391 munitionem
584 1361 717 1390 suam
735 1343 838 1390 fidis
856 1343 1130 1392 custodibus
1146 1356 1278 1393 caute
1293 1348 1559 1406 commisit,

142 1431 189 1468 et
211 1421 309 1485 ipse
328 1422 604 1485 proximum
630 1440 758 1470 mare
782 1423 1016 1488 ingressus
1038 1423 1229 1470 Daciam
1258 1442 1348 1488 pro
1374 1426 1561 1472 auxiliis

143 1500 332 1565 navigio
364 1501 496 1547 adiit.
535 1502 720 1548 Interea
745 1502 910 1548 vicarii
943 1502 1064 1566 regis
1091 1502 1374 1549 Guillelmus
1401 1514 1449 1550 et
1481 1505 1562 1550 Ri-

143 1578 309 1625 cardus
337 1579 601 1643 municipes
632 1579 794 1644 oppidi
818 1580 875 1626 ad
898 1579 1191 1627 deditionem
1218 1591 1489 1638 coarctant,
1516 1594 1563 1629 et

141 1674 298 1721 regem
341 1657 437 1706 cito
477 1657 628 1703 missis
665 1668 794 1704 trans
829 1668 1035 1722 pontum
1072 1659 1255 1706 nuntiis
1290 1677 1381 1723 pro
1419 1677 1561 1725 supra

142 1735 329 1799 scriptis
352 1735 564 1782 motibus
588 1736 875 1793 accelerant,
903 1746 957 1782 ut
979 1737 1207 1785 velociter
1230 1738 1390 1785 redeat
1415 1738 1472 1785 ad
1490 1740 1559 1785 sui

143 1812 395 1859 tuitionem
420 1814 553 1877 regni
579 1811 848 1861 obsecrant.

207 1891 414 1954 Impiger
445 1891 589 1955 igitur
613 1909 720 1947 rex,
754 1902 808 1937 ut
836 1892 1092 1955 legationes
1123 1909 1320 1939 suorum
1349 1893 1556 1951 audivit,

144 1966 489 2014 Normannicas
525 1978 572 2014 et
599 1969 938 2015 Cenomanicas
974 1986 1046 2016 res
1074 1968 1273 2033 provide
1297 1969 1555 2035 disposuit,

143 2054 190 2090 et
213 2043 437 2091 omnibus
460 2045 640 2109 optime
659 2045 823 2091 locatis
848 2048 896 2092 in
922 2045 1144 2110 Angliam
1165 2047 1380 2094 celeriter
1402 2058 1560 2095 trans-

142 2122 350 2170 fretavit.
381 2123 500 2183 Qui,
525 2133 779 2188 postquam
795 2140 960 2171 omnes
983 2124 1039 2170 ad
1067 2124 1246 2171 curiam
1269 2142 1401 2171 suam
1423 2131 1559 2191 regni

141 2218 362 2264 proceres
391 2200 697 2257 convocavit,
730 2200 965 2265 legitimos
990 2200 1154 2250 heroes
1180 2212 1227 2249 et
1251 2202 1298 2248 in
1325 2202 1416 2251 fide
1441 2221 1560 2268 pro-

141 2277 276 2325 batos
306 2277 489 2325 blandis
524 2277 740 2325 affatibus
770 2278 1056 2337 laetificavit3
1093 2278 1369 2327 rebellionis
1401 2292 1560 2328 autem

144 2356 412 2403 incentores
439 2366 487 2403 et
510 2356 717 2404 fautores
749 2373 835 2402 cur
858 2356 1055 2405 mallent
1086 2357 1216 2404 nefas
1241 2374 1385 2421 quam
1411 2360 1560 2422 justi-

144 2433 258 2480 tiam
319 2431 667 2480 rationabiliter
728 2434 1058 2499 interrogavit.
1121 2434 1406 2481 Custodibus
1459 2437 1558 2501 regi

142 2510 396 2574 pacificatis
429 2511 725 2576 Norguicum
760 2512 1001 2559 redditum
1032 2522 1127 2569 est,
1165 2523 1213 2559 et
1242 2512 1468 2560 Radulfus
1502 2515 1559 2562 de

144 2586 335 2635 Guader
357 2605 512 2635 comes
545 2588 795 2653 Nortguici
822 2588 879 2636 de
908 2590 1074 2654 Anglia
1108 2590 1447 2654 perpetualiter
1476 2610 1560 2639 ex—

146 2664 448 2712 haereditatus
472 2675 556 2713 est.
582 2666 817 2731 Expulsus
844 2667 1002 2731 itaque
1031 2685 1139 2713 cum
1169 2685 1317 2716 uxore
1347 2687 1425 2716 sua
1452 2672 1560 2724 Bri—

149 2744 356 2790 tanniam
402 2744 589 2808 repetiit
614 2764 625 2801 3
677 2745 883 2808 patrium
923 2747 997 2807 jus
1042 2745 1170 2809 quod
1217 2748 1256 2793 ei
1305 2749 1561 2813 sceptriger
