1951 3194
176 254 445 302 [1066-1089]
666 253 818 293 LIBER
848 254 1083 293 TERTIUS.
1509 262 1578 299 131

172 330 359 394 adjutus
382 328 669 378 Herbertum
688 333 964 396 pincernam
983 334 1157 381 amoris
1181 335 1370 399 glutino
1393 335 1480 382 sibi
1499 339 1584 384 ad-

167 408 352 472 junxit,
377 409 459 473 qui
486 420 594 474 post
611 420 819 457 mortem
843 410 1061 458 Herberti
1087 414 1275 476 cognati
1302 413 1397 470 sui,
1424 414 1585 462 fratris

171 486 390 534 videlicet
431 488 617 534 Ricardi
663 488 895 535 vulnerati
916 524 928 545 ‚
977 489 1275 538 medietatem
1317 491 1443 538 feudi
1487 495 1584 556 ejus

171 564 346 612 Sancto
375 564 579 612 Ebrulfo
613 566 859 612 concessit.
891 564 960 611 Ibi
995 568 1221 631 Rogerius
1254 568 1473 615 laborans
1500 569 1585 618 be-

169 641 318 687 nivoli
344 642 586 705 juvamine
619 642 807 705 patroni
836 641 994 688 locum
1019 643 1199 706 ipsum,
1232 646 1313 709 qui
1339 646 1420 691 diu
1448 657 1582 694 antea

167 729 367 783 propter
390 720 612 766 Werram
650 728 696 764 et
732 718 819 764 alia
859 718 1123 765 infortunia
1154 721 1363 768 desertus
1393 722 1548 770 fuerat
1567 760 1580 782 ‚

166 797 400 853 excoluit,
429 795 589 861 ibique
617 796 845 860 Rogerius
875 795 932 843 de
961 796 1116 860 Sappo
1150 809 1257 861 post
1283 798 1471 864 aliquot
1495 819 1582 847 an—

164 891 252 921 nos
275 873 505 938 praedicto
520 873 695 920 seniori
715 873 988 932 succedenS,
1012 874 1253 921 ecclesiam
1271 875 1328 921 de
1347 875 1581 938 lapidibus

164 952 393 1000 aedificare
408 952 574 1016 coepit.
588 952 816 998 Praefatus
828 953 955 999 enim
969 952 1102 999 miles
1116 953 1161 998 111
1177 963 1281 1000 toto
1290 953 1578 1001 Wilcassino

161 1031 368 1078 multum
381 1031 593 1096 vigebat,
613 1029 877 1095 opibusque
896 1042 942 1077 et
961 1030 1068 1077 filiis
1088 1030 1346 1096 validisque
1363 1033 1579 1096 parenti—

161 1107 250 1155 bus
273 1120 320 1156 et
349 1108 565 1155 affinibus
591 1109 866 1173 ampliatus,
893 1127 1013 1173 pene
1046 1110 1270 1156 omnibus
1292 1111 1461 1156 vicinis
1485 1111 1579 1157 suis

163 1186 416 1235 eminebat.
439 1187 574 1234 Uxor
592 1188 631 1233 61
652 1197 751 1233 erat
773 1187 969 1234 nomine
988 1187 1255 1245 Rollandis,
1280 1187 1373 1234 filia
1399 1187 1578 1235 Odonis

159 1266 216 1313 (16
239 1266 535 1312 calvimonte
555 1266 625 1328 (1)
638 1301 651 1322 ,
673 1283 780 1330 quae
804 1266 988 1329 peperit
1010 1266 1049 1311 ei
1073 1264 1387 1311 Goelefridum
1411 1278 1458 1312 et
1484 1267 1578 1312 Pe-

161 1354 316 1400 trum,
344 1345 672 1408 Joannemque
698 1354 745 1390 et
765 1344 1052 1402 walonem,
1081 1353 1127 1390 et
1155 1343 1272 1389 filias
1306 1343 1488 1406 plures,
1519 1361 1575 1390 ex

160 1420 332 1486 quibus
353 1433 457 1469 orta
475 1431 543 1468 est
560 1422 691 1484 copia
712 1438 878 1486 magna
896 1431 1146 1484 nepotum.
1169 1421 1342 1467 Omnes
1362 1421 1436 1466 isti
1456 1441 1467 1466 z
1488 1439 1577 1485 pa-

162 1509 234 1546 ter
252 1499 430 1546 scilicet
451 1510 497 1546 et
519 1499 733 1562 praedicti
756 1498 948 1554 fratres,
973 1497 1147 1544 milites
1172 1496 1371 1543 fuerunt
1389 1515 1573 1561 magnae

159 1575 432 1639 probitatis,
456 1586 502 1621 et
524 1576 785 1640 (quantum
808 1574 1011 1620 exterius
1033 1573 1206 1637 patuit)
1229 1590 1335 1637 erga
1357 1573 1509 1619 Deum
1528 1585 1574 1620 et

156 1653 371 1700 homines
405 1651 617 1716 probatae
650 1651 913 1716 legalitatis.
954 1650 1126 1697 Mulier
1159 1667 1273 1697 vero
1306 1650 1573 1714 supradicta

154 1732 286 1778 omni
302 1731 397 1777 vita
418 1748 494 1776 sua
509 1729 603 1776 fuit
616 1729 799 1776 eximiae
813 1728 1094 1787 honestatis,
1109 1738 1156 1774 et
1172 1726 1323 1773 adhuc
1338 1739 1570 1791 superstes

154 1820 245 1866 est,
268 1810 372 1856 viro
395 1808 650 1873 liberisque
673 1808 729 1854 (16
749 1806 930 1853 mundo
944 1805 1225 1870 jamdudum
1244 1804 1452 1851 sublatis.
1476 1806 1570 1852 Ho-

150 1906 258 1934 rum
276 1887 568 1953 benignitate
584 1898 630 1933 ct
647 1887 868 1950 suffragio
887 1884 1059 1948 capella
1075 1886 1128 1930 B.
1148 1883 1331 1930 Nicolai
1350 1883 1566 1947 praesulis

152 1966 404 2011 instaurata
420 1976 516 2022 est,
530 1976 576 2011 et
591 1964 759 2011 habilis
775 1962 1003 2009 habitatio
1016 1961 1364 2008 monachorum
1376 1996 1388 2017 ,
1402 1962 1482 2025 qui
1502 1979 1570 2009 re-

151 2044 379 2108 gulariter
393 2044 561 2089 vivunt
579 2053 624 2089 et
642 2060 803 2106 pacem
818 2051 999 2097 amant,
1017 2057 1164 2105 usque
1183 2039 1322 2086 hodie
1340 2039 1457 2085 facta
1477 2050 1561 2086 est.

222 2121 404 2168 Eodem
450 2131 664 2184 tempore
699 2119 947 2178 Fulcoius‚
983 2117 1218 2182 Radulphi
1253 2116 1310 2164 de
1349 2116 1565 2164 Caldreio

152 2198 276 2244 filius
294 2199 381 2262 (2),
406 2197 722 2244 venerabilem
743 2197 1001 2261 Rogerium
1018 2212 1108 2260 pro
1127 2194 1408 2241 multimoda
1433 2193 1568 2240 boni-

151 2285 263 2332 tate,
281 2293 372 2339 qua
388 2275 591 2339 vigebat,
611 2275 816 2321 multum
830 2273 1075 2330 adamavit,
1096 2273 1343 2336 filiumque
1360 2289 1497 2317 suum
1509 2270 1566 2316 ad

149 2351 399 2397 levandum
413 2352 470 2398 de
483 2370 613 2399 sacro
630 2352 920 2417 baptismatis
934 2352 1070 2400 fonte
1085 2350 1358 2414 benigniter
1372 2349 1412 2394 ei
1428 2347 1567 2395 obtu-

150 2428 233 2485 lit,
253 2445 394 2492 quem
415 2429 492 2474 ille
511 2440 751 2492 gratanter
767 2430 985 2494 suscepit.
1017 2428 1197 2475 Deinde
1219 2427 1495 2490 cognitione
1518 2436 1565 2472 et

148 2506 402 2553 dilectione
427 2506 653 2569 paulatim
684 2519 919 2554 crescente
952 2508 1001 2553 in
1029 2507 1147 2564 illis,
1178 2505 1397 2550 Fulcoius
1428 2520 1564 2549 com-

195 2697 250 2741 (1)
274 2696 705 2733 Chaumont-en-Vexin.

194 2757 242 2799 (Ἰ)
274 2758 394 2802 Voyez
416 2758 447 2792 le
465 2756 583 2791 menie
599 2766 825 2802 personnage
845 2753 1042 2795 ci-dessus‚
1064 2764 1098 2798 p.
1128 2750 1201 2785 115.
