1951 3194
434 308 511 345 258
800 301 1045 340 HISTORIA
1075 298 1476 336 ECCLESIASTICA.
1707 298 1846 346 [1078]

435 383 726 433 reconciliati
747 392 885 437 sunt,
909 389 957 426 et
976 380 1388 425 Cenomannenses
1408 376 1720 423 nihilominus
1732 410 1744 431 ,
1766 375 1847 440 qui

435 472 600 511 contra
616 476 775 525 regem
787 475 878 523 pro
893 457 1067 504 comite
1082 456 1455 511 insurrexerant,
1470 454 1701 519 pacificati
1717 463 1846 499 sunt.

435 541 530 598 Sic,
544 537 690 602 gratia
701 535 789 582 Dei
802 534 1049 599 mitigante
1061 531 1202 580 corda
1215 531 1506 596 principum,
1519 542 1674 577 reatus
1689 530 1852 594 poeni-

437 616 643 664 tentium
661 611 918 677 utrobique
937 610 1108 657 indulti
1128 619 1256 666 sunt,
1279 618 1325 656 et
1339 608 1573 655 benivolae
1587 607 1763 672 plebeS,
1781 624 1854 654 se-

437 711 548 740 rcna
563 708 675 756 pace
692 699 1056 754 tempestuosam
1070 686 1369 751 nigredinem
1381 686 1675 732 tumultuum
1684 685 1853 749 procul

434 770 659 836 pellente,
680 768 835 832 palam
857 767 1028 813 laetatae
1052 775 1180 812 sunt.
1210 765 1321 810 Haec
1350 764 1577 809 nimirum
1597 780 1689 826 pax
1706 798 1717 818 ,
1745 778 1854 827 quae

437 849 565 895 inter
588 864 747 912 regem
772 855 819 891 et
842 843 1096 907 praefatum
1121 842 1347 888 comitem
1374 841 1423 887 in
1450 841 1577 896 loco,
1606 840 1688 905 qui
1713 839 1855 903 vulgo

437 922 750 971 Blancalanda
766 922 836 985 (1)
851 921 924 967 vel
941 919 1136 966 Brueria
1155 918 1348 974 (licitur,
1367 918 1487 964 facta
1505 928 1590 974 est,
1610 917 1742 965 omni
1761 916 1854 962 vita

439 1003 561 1067 regis
584 1000 640 1046 ad
665 999 935 1064 profectum
964 997 1208 1061 utriusque
1232 996 1493 1060 provinciae
1514 995 1792 1059 permansit.

505 1079 640 1124 XIII.
664 1075 851 1140 [1074]
876 1074 1058 1121 Verum
1075 1072 1242 1120 eodem
1261 1083 1476 1136 tempore
1501 1072 1586 1118 alia
1609 1081 1857 1135 tempestas

440 1154 709 1221 gravissima
729 1162 833 1198 orta
852 1161 938 1210 est,
954 1167 1061 1215 quae
1085 1167 1202 1196 saeva
1223 1150 1365 1195 nimis
1385 1161 1431 1196 et
1449 1148 1674 1196 damnosa
1695 1149 1858 1194 multis

441 1235 490 1280 in
500 1232 668 1296 Anglia
678 1230 797 1276 facta
807 1239 892 1276 est.
905 1229 1012 1275 Duo
1024 1228 1343 1292 potentissimi
1354 1227 1624 1292 Anglorum
1635 1228 1854 1275 comites:

440 1310 672 1375 Rogerius
706 1307 1040 1354 Herfordensis
1074 1306 1146 1369 (2)
1181 1316 1228 1352 et
1257 1306 1468 1353 sororius
1502 1307 1599 1369 ejus
1632 1303 1860 1351 Radulfus

440 1384 816 1434 Northwicensis
830 1383 904 1447 (5)
928 1383 1105 1447 pariter
1121 1381 1436 1429 decreverunt
1458 1391 1512 1427 ut
1535 1382 1687 1446 palam
1707 1379 1862 1428 rebel-

442 1465 597 1512 larent
612 1499 628 1523 ,
652 1473 698 1510 et
721 1462 994 1526 principatu
1017 1460 1203 1525 Angliae
1235 1459 1493 1508 Guillelmo
1517 1460 1615 1525 regi
1641 1469 1861 1523 surrepto

443 1543 531 1590 sibi
550 1545 627 1607 jus
641 1577 654 1599 ,
678 1542 827 1588 immo
846 1539 1151 1604 tyrannidem
1170 1549 1478 1586 assumerent.
1500 1538 1695 1586 Castella
1717 1538 1862 1603 igitur

442 1640 523 1668 sua
548 1620 766 1668 certatim
789 1619 1030 1665 offirmant
1047 1653 1060 1675 ,
1089 1635 1218 1663 arma
1243 1629 1515 1681 praeparant
1532 1653 1543 1674 ,
1576 1618 1750 1664 milit-es
1776 1635 1862 1681 ag—

442 1708 664 1764 gregant,
686 1696 854 1742 vicinis
875 1706 923 1742 et
944 1695 1243 1759 longinquis,
1266 1695 1314 1741 in
1339 1693 1512 1758 quibus
1531 1693 1861 1751 confidebant,

444 1777 620 1841 legatos
646 1790 753 1822 suos
784 1773 1063 1838 frequenter
1093 1772 1357 1829 destinant,
1385 1783 1432 1819 et
1462 1773 1509 1818 in
1547 1790 1685 1819 suum
1709 1773 1864 1818 admi-

444 1854 659 1901 niculum
688 1868 1017 1918 quoscumque
1054 1860 1255 1915 possunt
1289 1851 1534 1915 promissis
1566 1862 1613 1897 et
1645 1849 1865 1915 precibus

446 1932 669 1978 invitant.
691 1929 1011 1976 consideratis
1030 1946 1192 1975 rerum
1211 1926 1645 1991 permutationibus
1671 1939 1717 1974 et
1739 1938 1865 1975 tem-

444 2026 620 2073 porum
631 2004 1093 2071 opportunitatibus,
1111 2004 1277 2051 dicunt
1289 2003 1376 2050 sibi
1393 2005 1730 2051 confoederatis
1742 2014 1788 2051 et
1801 2022 1867 2050 as-

445 2083 741 2134 sentantibus
757 2105 766 2130 :
790 2085 963 2130 Cuncti
978 2084 1220 2148 sapientes
1237 2082 1471 2147 definiunt
1485 2099 1747 2147 congraum
1761 2094 1865 2127 tem-

496 2271 547 2315 (1)
572 2269 678 2304 Cette
696 2265 803 2301 lande
818 2272 872 2300 est
884 2277 933 2299 un
946 2272 1043 2299 vaste
1061 2264 1247 2299 territoire
1262 2263 1402 2309 maigre
1419 2269 1456 2297 et
1470 2262 1711 2304 sablonneux,
1728 2262 1791 2309 qui
1805 2260 1866 2295 de-

452 2330 524 2364 vait
536 2327 716 2363 s'etendoe
727 2328 746 2360 a
760 2332 854 2360 cette
873 2326 1014 2371 epoque
1030 2337 1076 2358 au
1095 2323 1186 2358 midi
1201 2322 1251 2357 du
1268 2323 1364 2364 Loir,
1384 2322 1514 2369 depuis
1528 2321 1863 2362 sainte-Colombe,

450 2389 633 2434 saubourg
646 2386 690 2421 de
704 2386 736 2420 la
747 2385 893 2428 Fleche‚
907 2384 1052 2431 jusqu⁷ii
1071 2382 1320 2418 Saint-Mards
1334 2382 1380 2417 de
1399 2383 1481 2426 Cre,
1496 2383 1545 2417 ou
1562 2382 1587 2416 il
1604 2382 1716 2417 existe
1734 2393 1866 2416 encore

451 2461 524 2483 une
541 2448 655 2482 ferme
672 2451 820 2492 portant
833 2444 867 2478 le
881 2456 967 2477 nom
985 2443 1030 2477 de
1049 2441 1328 2477 Blanclielande.
1347 2442 1417 2477 Sur
1436 2442 1469 2476 la
1487 2454 1680 2476 commune
1695 2441 1866 2476 interme-

452 2507 567 2542 (liaire
587 2505 632 2539 de
651 2505 797 2539 Thoree
816 2502 883 2537 elle
901 2509 955 2536 est
973 2502 1148 2536 sillonnec
1172 2513 1236 2548 pai·
1254 2513 1303 2534 un
1324 2501 1487 2535 ruisseau
1505 2499 1633 2547 appele
1653 2499 1704 2534 les
1725 2500 1865 2535 cartes.

499 2566 552 2610 (2)
578 2564 702 2609 Roger
719 2561 764 2596 de
784 2559 961 2603 Breteuil,
983 2566 1101 2594 comte
1120 2558 1352 2594 d’Heresord.

500 2624 550 2669 (ὅ)
576 2622 694 2658 Raoul
717 2622 761 2656 de
779 2620 930 2656 Guadcr
949 2632 996 2654 ou
1018 2620 1063 2654 de
1080 2619 1171 2654 Ga'el
1184 2647 1192 2662 ,
1214 2626 1333 2653 comte
1351 2619 1396 2653 <le
1411 2617 1585 2660 Norsolk,
1606 2617 1816 2651 surnomme
1834 2615 1868 2649 le

453 2684 608 2725 Bromii,
629 2684 648 2716 a
667 2692 772 2715 cause
790 2680 835 2714 de
853 2691 917 2714 son
936 2679 1080 2725 origiue
1099 2678 1351 2713 armoricaine.
1372 2678 1445 2712 Son
1471 2678 1557 2724 pere
1576 2676 1664 2711 etait
1688 2674 1797 2709 etabli
1822 2687 1867 2709 en

454 2741 671 2786 Angleterrc
690 2746 795 2773 avant
823 2738 853 2772 la
879 2738 1079 2785 conquete,
1110 2744 1146 2772 ct
1170 2751 1192 2784 y
1219 2738 1311 2772 avait
1329 2738 1493 2771 snrvecu.
1514 2736 1575 2770 On
1601 2735 1633 2769 le
1652 2742 1779 2770 trouve
1798 2734 1870 2768 cite

454 2799 542 2833 «lans
559 2811 629 2832 unc
649 2799 773 2831 charte
794 2798 838 2831 (lo
857 2797 1064 2831 Guillauine
1084 2809 1164 2831 avec
1184 2796 1215 2830 le
1234 2797 1318 2831 titre
1334 2795 1378 2829 (le
1399 2802 1526 2830 cointe.
