1951 3194
119 240 253 287 [1118]
605 237 756 275 LIBER
787 238 1026 286 QUINTUS.
1443 240 1519 278 457

117 315 296 380 physici
324 315 580 378 perniciem
602 315 874 363 hominibus
897 317 969 363 vel
999 317 1371 363 incolumitatem
1399 336 1520 381 prae-

115 392 304 447 dicunt,
333 393 558 450 amisisse,
586 394 847 457 mortisque
879 395 1167 442 imminentis
1195 394 1518 441 conditionem

116 470 307 518 evadere
333 487 429 517 non
464 487 613 533 posse.
646 471 800 527 Unde,
828 488 1011 519 memor
1035 483 1226 520 aeternae
1249 473 1432 529 salutis,
1465 490 1519 519 ex

119 558 219 595 toto
240 549 294 593 ad
321 548 577 594 Dominum
601 566 646 594 se
674 549 910 594 convertit
929 584 939 603 ,
974 550 1199 613 avideque
1222 568 1311 613 pro
1330 550 1423 595 vita
1442 567 1521 613 pe-

119 628 252 673 renni
279 626 514 689 complere
538 625 774 672 festinavit
799 643 904 690 quae
928 644 951 671 a
980 625 1267 689 sapientibus
1287 626 1515 680 audierat,

116 716 161 750 et
180 704 382 751 libenter
401 704 674 750 retinuerat.
701 702 909 762 Quadam
929 704 1159 766 siquidem
1180 714 1337 759 nocte,
1359 703 1519 750 audito

115 783 272 828 sonitu
291 782 428 845 signi,
445 780 665 835 surrexit,
685 797 792 825 cum
813 796 910 825 uno
926 780 1095 826 cliente
1107 797 1190 826 suo
1207 780 1262 826 ad
1279 781 1518 827 ecclesiam

115 859 268 916 venit,
290 860 553 920 Deumque,
582 867 634 901 ut
658 855 1023 903 satisfactionem
1043 875 1172 902 suam
1191 858 1423 921 acciperet
1441 869 1517 903 at-

113 952 204 999 que
217 934 504 980 voluntatem
528 933 760 996 impleret,
779 934 1003 979 exoravit.
1020 934 1179 980 Finito
1197 944 1352 980 autem
1372 945 1520 979 matu-

114 1011 246 1056 tinali
270 1011 479 1067 servitio,
501 1010 755 1057 monachos
772 1011 973 1067 vocavit,
996 1022 1160 1058 votum
1177 1030 1313 1057 suum
1330 1012 1393 1058 eis
1410 1030 1518 1076 ape-

112 1090 227 1143 ruit,
248 1098 293 1134 et
310 1088 641 1134 monachatum
657 1087 714 1133 ab
728 1090 791 1134 eis
805 1089 957 1151 petiit.
980 1091 1117 1135 Tune
1136 1089 1198 1135 ibi
1217 1090 1364 1136 David
1386 1094 1518 1154 prior

114 1175 211 1211 erat
225 1201 235 1220 ,
274 1175 319 1211 et
354 1182 508 1211 secum
543 1165 841 1212 honorabiles
874 1165 1131 1212 monachos
1168 1184 1218 1212 ac
1259 1166 1517 1214 sacerdotes

115 1241 314 1288 habebat
342 1263 351 1286 :
372 1241 635 1289 Johannem
655 1243 832 1289 scilicet
850 1244 1128 1290 Remensem
1144 1280 1155 1300 ,
1186 1243 1450 1291 Osbernum
1471 1255 1517 1291 et

114 1320 345 1367 Odonem.
370 1320 449 1366 His
474 1320 702 1366 nimirum
726 1320 959 1367 Ansoldus
984 1322 1197 1368 associari
1228 1320 1388 1367 habitu
1416 1340 1518 1385 per-

114 1399 319 1461 optavit,
348 1399 467 1444 sicut
493 1409 650 1445 mente
660 1417 673 1454 3
700 1397 857 1444 dicens
881 1415 926 1445 se
951 1416 1141 1446 omnem
1167 1399 1390 1462 pietatem
1411 1416 1518 1446 con-

108 1475 230 1538 jugis
249 1484 296 1520 et
313 1473 520 1520 filiorum
539 1474 758 1529 amisisse,
779 1475 1045 1521 dominium
1066 1486 1205 1521 terrae
1220 1475 1354 1521 nullo
1375 1474 1518 1521 modo

114 1551 311 1614 amplius
330 1561 504 1606 tenere,
525 1561 727 1597 mortem
746 1550 832 1596 sibi
851 1552 1169 1615 propinquam
1186 1569 1296 1606 esse,
1319 1552 1518 1616 ideoque

114 1628 197 1673 soli
226 1630 323 1674 Deo
350 1627 467 1674 velle
497 1627 760 1685 adhaerere,
791 1645 962 1691 eosque
993 1628 1270 1690 petitionem
1300 1627 1388 1674 sibi
1419 1645 1517 1674 non

114 1705 281 1751 debere
301 1722 484 1769 negare.
505 1703 722 1751 Monachi
746 1715 918 1760 autem,
938 1703 1037 1750 haec
1051 1703 1308 1761 audientes,
1324 1704 1380 1751 de
1394 1704 1518 1751 bona

113 1781 356 1828 voluntate
376 1782 462 1826 viri
483 1781 626 1827 laetati
647 1792 779 1837 sunt;
801 1799 888 1844 per
910 1780 1107 1826 biduum
1128 1791 1302 1838 tamen,
1322 1792 1520 1845 propter

114 1858 370 1905 absentiam
390 1859 692 1922 primogeniti
715 1858 797 1903 filii
816 1859 884 1903 sui
910 1869 956 1904 et
975 1857 1170 1904 haeredis
1194 1857 1369 1914 futuri,
1391 1859 1519 1924 quod

114 1936 311 1998 petierat
333 1935 635 1981 distulerunt.
664 1934 744 1980 Ille
763 1951 876 1980 vero
895 1934 1168 1980 dilationem
1191 1944 1370 1980 tantam
1396 1953 1519 1999 aegre

116 2012 250 2067 tulit,
278 2021 499 2075 appetens
528 2010 797 2069 invisibilia,
823 2028 928 2073 quae
953 2009 1253 2074 vigilantibus
1276 2012 1418 2058 servis
1440 2030 1519 2075 pa-

117 2089 384 2134 terfamilias
407 2088 644 2134 retribuit.
679 2087 923 2134 Asserebat
947 2088 1073 2134 enim
1100 2087 1190 2134 hoc
1212 2099 1368 2136 totum
1389 2090 1516 2136 desi-

114 2166 299 2212 derium
333 2183 468 2211 suum
505 2183 597 2211 esse
634 2175 680 2211 et
715 2175 869 2212 totum
908 2165 1048 2220 velle,
1091 2183 1196 2211 cuin
1234 2167 1516 2229 pauperibus

115 2242 289 2288 Christi
308 2243 484 2297 vivere,
507 2253 553 2288 et
572 2259 678 2287 cum
699 2241 869 2287 eisdem
888 2241 1031 2286 vitam
1053 2241 1190 2288 finire
1204 2277 1215 2297 ,
1242 2253 1296 2287 ut
1313 2244 1517 2306 promis-

113 2320 310 2375 sionem,
333 2337 473 2383 quam
494 2320 585 2364 suis
605 2319 725 2365 Deus
750 2318 1017 2382 pollicetur,
1040 2331 1195 2383 posset
1214 2319 1400 2367 habere.
1421 2323 1516 2367 De-

115 2397 257 2459 nique
273 2395 416 2442 biduo
437 2406 687 2451 transacto,
708 2406 760 2440 ut
776 2395 923 2441 fllium
942 2395 1177 2443 advenisse
1193 2398 1388 2453 audivit,
1407 2416 1516 2446 con-

106 2476 263 2537 jugem
286 2491 413 2519 suam
434 2491 540 2519 cum
561 2473 723 2519 eodem
743 2471 797 2518 ad
820 2490 866 2519 se
888 2474 1107 2536 protinus
1125 2474 1342 2521 accedere
1354 2476 1509 2538 jussit.

112 2552 292 2611 Quibus
310 2550 637 2614 praescntibUS,
655 2550 752 2597 filio
768 2568 923 2597 coram
942 2552 1103 2597 multis
1120 2551 1351 2598 militibus
1367 2554 1511 2599 multa

113 2630 371 2684 intimavit,
411 2639 453 2673 vt
490 2647 593 2674 eum
629 2646 784 2675 coram
818 2628 1030 2691 pluribus
1060 2629 1253 2676 diversae
1287 2632 1434 2677 aetatis
1466 2644 1511 2678 ct.

112 2723 240 2750 sexus
267 2706 328 2748 si(-
355 2705 592 2749 admonuit
