1951 3194
158 236 427 284 [1050-1057]
652 235 804 274 LIBER
834 235 1069 277 TERTIUS.
1522 247 1567 283 51

158 325 253 360 tam
281 312 464 362 orando
493 331 635 379 quam
668 315 944 374 scribendo,
973 318 1046 365 vel
1079 318 1166 364 alia
1199 319 1325 367 bona
1356 322 1573 372 faciendo

156 389 489 456 consurgebat.
513 393 607 439 Pro
626 392 895 456 hujusmodi
914 394 1079 441 studiis
1102 414 1126 442 a
1146 396 1431 461 quibusdam
1450 399 1572 447 blas-

154 469 469 533 phemabatur
501 469 774 528 monachis,
810 473 891 536 qui
927 473 1188 522 mundiales
1229 493 1364 523 curas
1400 477 1574 525 divinis

152 548 500 612 praeponebant
519 548 697 596 officiis.
720 548 847 595 Proh
866 549 1031 596 dolor!
1057 552 1182 599 unde
1202 552 1338 600 illum
1357 557 1571 602 venerari

151 625 407 682 debebant,
425 625 532 673 inde
549 626 695 690 magis
716 625 783 670 illi
804 625 1133 674 detrahebant.
1155 629 1389 677 Dicebant
1409 633 1564 679 enim:

155 704 291 749 Talis
317 703 455 749 homo
478 720 575 749 non
595 702 734 748 debet
758 702 910 749 abhas·
935 722 1060 760 esse»,
1091 707 1177 768 qui
1199 709 1452 756 exteriores
1483 729 1571 756 εα-

151 798 230 826 ras
251 781 422 836 nescit,
449 780 760 844 negligitque.
785 779 924 825 Unde
941 782 1099 827 vivent
1117 793 1348 841 oratores,
1369 787 1415 831 δι’
1434 785 1572 851 defe-

148 860 296 903 cer-int
331 868 545 903 aratores
563 856 589 902 P
632 858 877 920 Insipiens
917 868 987 902 est
1027 860 1109 921 qui
1137 859 1257 923 plus
1300 864 1485 926 appetit
1524 866 1573 910 in

148 935 360 981 elaustro
389 934 543 998 legere
567 935 645 980 vel
665 934 891 991 seribere,
922 952 1069 998 qaam
1094 936 1453 998 undefrcztrum
1480 945 1573 987 vic-

148 1024 221 1058 tus
255 1012 548 1058 exhibeatur
573 1028 859 1076 procurare.
897 1011 1008 1056 Haec
1042 1011 1199 1076 itaque
1229 1024 1275 1060 et
1306 1015 1377 1061 his
1401 1016 1569 1063 similia

148 1090 343 1154 quidam
372 1088 562 1153 superbi
596 1088 843 1144 dicebant,
877 1099 925 1134 et
955 1106 1090 1135 servo
1122 1090 1210 1136 Dei
1245 1091 1404 1154 plures
1439 1094 1569 1157 inju-

146 1169 237 1214 rias
263 1166 550 1214 inferebant.
576 1166 665 1213 Sed
688 1165 972 1211 Willermus
997 1166 1121 1212 filius
1140 1166 1302 1214 Geroii
1323 1187 1413 1233 pro
1434 1189 1569 1217 sanc-

148 1246 282 1291 titate
315 1247 412 1307 ejus
444 1261 552 1290 eum
589 1260 773 1306 semper
801 1241 1112 1300 observabat,
1146 1255 1192 1290 ct
1228 1246 1462 1293 tumultus
1493 1249 1566 1294 in-

146 1323 443 1386 surgentium
487 1322 641 1386 (quos
679 1320 755 1367 hic
796 1321 1046 1368 nominare
1081 1322 1229 1385 nolo)
1273 1328 1563 1388 competenti

148 1399 393 1445 severitate
428 1397 788 1461 compescebat,
827 1409 968 1462 atque
1002 1415 1092 1461 pro
1125 1399 1229 1444 viro
1268 1400 1354 1446 Dei
1396 1412 1563 1449 contra

146 1495 309 1524 omnes
334 1477 548 1541 querelas
572 1477 698 1522 intus
723 1486 770 1521 et
795 1475 912 1521 foris
936 1476 1184 1521 ratiocinia
1210 1488 1435 1541 prompte
1460 1479 1564 1526 red-

142 1553 298 1601 debat.
323 1559 434 1601 Post
456 1554 642 1618 aliquot
667 1552 895 1616 temporis
925 1551 1152 1615 praefatus
1181 1551 1321 1600 heros
1350 1572 1439 1618 pro
1463 1558 1561 1602 uti—

142 1631 354 1679 litatibus
380 1631 618 1678 Uticensis
649 1630 857 1677 ecclesiae
890 1630 939 1676 in
972 1629 1195 1693 Apuliam
1223 1631 1291 1678 ire
1320 1632 1553 1690 decrevit3

139 1729 237 1777 quo
264 1710 489 1767 abeunte,
517 1727 604 1756 nec
627 1708 935 1774 postmodum
958 1708 1210 1766 redeunte,
1234 1710 1308 1755 vir
1325 1711 1409 1758 Dei
1431 1713 1556 1759 Teo-

135 1789 319 1836 dericus
350 1789 399 1834 in
429 1787 725 1834 Normannia
747 1786 879 1832 valde
902 1785 1135 1832 desolatus
1159 1789 1403 1834 remansit.

201 1868 335 1913 Sicut
358 1865 499 1913 bonis
518 1864 651 1918 valde
672 1864 890 1927 displicet
908 1863 1003 1908 vita
1024 1863 1286 1920 malorum,
1307 1865 1372 1911 sic
1394 1868 1551 1929 pravis

132 1944 348 1991 moribus
376 1944 529 2008 gravis
561 1959 655 1989 esse
685 1941 804 1987 solet
834 1940 929 1985 vita
960 1939 1220 1985 bonorum.
1255 1940 1393 1988 Unde
1429 1943 1551 1988 sicut

131 2021 251 2068 boni
269 2021 432 2067 divino
455 2020 624 2084 spiritu
647 2017 927 2063 inflammati
951 2032 1121 2080 pravos
1139 2015 1197 2062 ad
1212 2017 1549 2066 rectitudinem

130 2100 293 2145 multis
317 2098 469 2145 modis
491 2097 683 2143 student
712 2095 934 2151 incitare,
958 2095 1023 2140 sic
1047 2095 1255 2158 perversi
1285 2094 1546 2144 daemonica

128 2177 422 2241 malignitate
450 2174 656 2239 instigati
689 2183 842 2220 rectos
873 2172 930 2218 ad
959 2172 1241 2236 pravitatem
1270 2173 1547 2239 frequenter

128 2256 354 2301 nituntur
383 2254 649 2299 incurvare.
676 2252 740 2297 Et
763 2250 980 2315 quamvis
1004 2267 1082 2296 eos
1105 2267 1206 2297 non
1232 2252 1415 2314 possint
1437 2253 1546 2299 fun-

127 2332 252 2377 ditus
276 2342 607 2395 prosternere,
638 2346 991 2392 nonnunquam
1016 2339 1173 2374 tamen
1199 2329 1355 2375 solent
1382 2347 1460 2376 eos
1496 2331 1543 2377 iu

128 2410 199 2454 via
232 2409 313 2455 Dci
350 2408 656 2472 perturbare,
693 2406 983 2470 diversisque
1012 2405 1165 2452 modis
1191 2406 1404 2454 vexando
1434 2408 1542 2471 ple-

126 2504 328 2551 rumque
369 2487 416 2531 in
454 2486 729 2549 operatione
766 2494 923 2530 sancta
959 2483 1190 2530 tardiores
1232 2484 1427 2532 efficere.
1467 2487 1542 2532 Sic

125 2565 318 2629 quidam
347 2563 528 2610 infandi
554 2563 794 2619 homines,
821 2562 936 2608 dum
954 2561 1189 2608 Uticensis
1214 2561 1404 2609 ecclesia
1429 2582 1543 2613 cou-

125 2654 362 2708 surgeret,
383 2652 430 2689 et
455 2643 502 2687 in
525 2640 664 2688 bonis
686 2638 910 2703 operibus
934 2649 1068 2684 aucta
1089 2655 1250 2684 coram
1270 2639 1369 2686 Deo
1391 2652 1438 2687 et
1459 2641 1541 2690 ho-

123 2722 332 2769 minibus
356 2721 628 2784 effulgeret,
652 2726 906 2780 coeperunt
936 2716 1081 2761 varias
1106 2716 1400 2764 simultatum
1426 2738 1538 2766 cau—
