1951 3194
85 272 463 326 [ssmci1033404e]
574 270 726 308 Llssssss
758 268 992 307 TERTIUS.
1443 269 1489 305 13

84 356 256 401 lermus
294 350 519 398 Aucensis
556 366 710 396 comes
745 348 973 395 instinctu
1011 345 1240 410 religiosae
1279 346 1492 410 conjugis

85 448 178 477 suae
204 429 482 476 Lezscelinae
501 426 734 473 abbatiam
755 436 926 472 sanctae
948 425 1109 471 Mariae
1127 441 1268 488 super
1283 423 1493 470 rivulum

84 509 214 554 Divae
250 507 544 563 construxit5
583 507 712 567 cujus
738 505 949 567 regimen
986 502 1221 549 Ainardus
1258 501 1493 548 Teutoni-

85 603 164 632 cus
177 622 190 642 ,
213 586 287 631 vir
305 585 550 631 sanctitate
569 593 615 629 et
634 582 901 628 litterarum
921 582 1112 628 scientia
1135 579 1385 646 praeditus,
1412 580 1494 626 diu

86 662 240 709 tenuit
259 662 351 724 (1).

151 740 386 802 Tempore
411 735 637 784 Rodberti
670 735 800 781 ducis
821 734 1112 781 Gislebertus
1144 752 1299 781 comes
1322 735 1495 780 Briou-

86 815 179 862 niae
212 815 257 859 in
282 830 455 877 pagum
483 812 861 859 Vimmacensem
889 828 997 856 cum
1025 809 1177 857 tribus
1204 820 1497 856 armatorum

88 890 297 938 millibus
337 890 688 954 expeditionem
731 887 879 945 fecit;
924 887 1002 935 sed
1049 888 1089 935 ei
1134 889 1269 952 juxta
1311 886 1497 933 deside-

88 970 212 1015 rium
251 985 388 1014 suum
423 984 647 1031 prospere
690 984 787 1013 non
830 967 1050 1031 contigit.
1093 966 1215 1012 Nam
1250 966 1498 1030 Ingelran-

88 1065 176 1093 nus
207 1046 394 1093 Pontivi
429 1062 584 1092 comes
616 1062 725 1091 cum
757 1044 905 1090 valida
938 1062 1082 1091 manu
1112 1045 1151 1091 ei
1183 1044 1352 1091 obvius
1377 1043 1498 1101 fuit,

89 1125 433 1188 commissoque
469 1124 724 1170 certamine
758 1123 937 1168 victum
975 1140 1084 1168 cum
1122 1122 1217 1168 suis
1256 1122 1304 1168 in
1340 1121 1500 1185 fugam

90 1203 268 1267 coegit,
291 1212 336 1249 et
355 1220 409 1248 ex
431 1200 722 1265 fugientibus
741 1201 916 1247 multos
936 1201 1085 1264 cepit,
1114 1200 1186 1247 vel
1206 1199 1404 1255 occidit,
1428 1199 1499 1244 vel

89 1281 364 1327 vulneribus
389 1278 651 1326 debilitavit
676 1280 766 1343 (2)
797 1281 935 1325 Tunc
955 1279 1020 1325 ibi
1041 1279 1233 1344 quidam
1259 1279 1392 1325 miles
1410 1296 1503 1323 no-

91 1359 219 1403 mine
239 1356 494 1403 Herluinus
517 1356 781 1421 periculum
802 1366 1040 1412 metuens,
1065 1366 1262 1420 totoque
1286 1356 1395 1400 nisu
1414 1371 1503 1417 pro

92 1436 239 1482 salute
263 1453 341 1480 sua
366 1434 574 1497 fugiens,
606 1435 705 1480 Deo
731 1433 920 1480 devovit
945 1434 1074 1498 quod
1094 1435 1131 1479 si
1155 1433 1210 1480 de
1232 1432 1502 1479 imminenti

92 1511 303 1576 periculo
335 1529 490 1574 sospes
520 1509 760 1565 evaderet,
795 1510 912 1555 nulli
945 1510 1143 1556 ulterius
1173 1510 1263 1555 nisi
1294 1510 1380 1556 soli
1408 1509 1506 1554 Deo

94 1590 336 1636 militaret.
364 1589 447 1635 Dei
470 1599 592 1635 nutu
614 1587 867 1633 discrimen
893 1586 1156 1635 honorifice
1181 1588 1351 1643 evasit,
1377 1586 1508 1632 voti-

94 1685 185 1732 que
217 1668 285 1713 sui
321 1683 505 1713 memor
535 1667 760 1712 saeculum
794 1666 1021 1730 reliquit,
1057 1676 1105 1712 et
1136 1666 1185 1711 in
1217 1665 1508 1729 patrimonio
1528 1669 1539 1675 ”

96 1761 205 1801 suo,
244 1745 290 1789 in
324 1743 431 1790 loco
466 1742 546 1807 qui
583 1744 755 1789 Beccus
790 1742 982 1798 dicitur,
1024 1740 1304 1788 coenobium
1337 1752 1509 1787 sanctae

95 1822 180 1867 Dei
203 1821 421 1886 genitrici
456 1821 621 1868 Mariae
654 1819 885 1866 condidit.
917 1824 1128 1868 Pastore-s
1156 1830 1315 1866 autem
1336 1829 1508 1865 sanctae

99 1999 216 2026 comte
236 1991 432 2039 d'Arques,
454 1992 510 2026 sut
531 1991 658 2026 dediee
676 2003 740 2038 par
758 1990 1011 2037 l'archeveque
1027 1990 1168 2025 Robert
1182 1990 1214 2024 le
1237 1990 1278 2024 16
1293 1991 1379 2024 aosit
1403 1989 1508 2031 1050;

100 2052 132 2085 le
154 2051 313 2098 premier
331 2051 422 2086 abbe
440 2051 485 2086 de
504 2064 543 2086 ce
558 2052 763 2085 monastere
776 2078 784 2093 ‚
807 2049 985 2084 Isembert
997 2078 1005 2092 ⁷
1024 2049 1218 2085 Allemand
1231 2049 1276 2083 de
1296 2049 1440 2093 nation,
1456 2049 1512 2083 fut

100 2111 198 2144 sacre
215 2111 235 2144 ὲι
253 2109 587 2144 saint-Wandrille
606 2121 651 2143 en
674 2107 772 2153 1053,
787 2116 823 2143 et
836 2116 986 2144 mourut
1001 2108 1090 2143 dans
1108 2108 1141 2142 la
1154 2109 1427 2155 vingt-unieme
1445 2121 1510 2142 an-

101 2171 166 2204 ne'e
184 2169 229 2204 de
248 2182 312 2205 son
333 2170 640 2204 administration.

147 2231 197 2275 (1)
224 2230 274 2264 Ce
292 2242 337 2264 ne
363 2230 419 2264 sut
436 2230 539 2276 point
559 2228 770 2264 Guillaume
783 2256 792 2272 ,
814 2236 932 2263 comte
950 2228 1042 2263 d’Eu
1055 2257 1063 2272 ‚
1084 2229 1173 2263 mais
1193 2241 1229 2262 sa
1250 2240 1359 2262 veuve
1384 2228 1513 2262 Lesce—

104 2288 189 2332 line,
205 2289 281 2336 qui,
293 2301 338 2323 en
362 2288 461 2331 1046,
475 2288 613 2335 appela,
625 2287 670 2322 de
687 2288 719 2322 la
735 2287 1083 2322 Triuite-du-Mont
1098 2289 1181 2334 pres
1198 2287 1342 2330 Romen,
1358 2287 1511 2327 Ainard,

106 2348 295 2382 Allemand
312 2349 357 2384 de
376 2349 520 2391 nation,
542 2361 635 2395 pour
653 2348 888 2382 administra*
905 2348 938 2382 le
965 2349 1168 2382 monastero
1187 2347 1317 2394 qu’elle
1338 2346 1478 2381 sondait
1497 2348 1515 2378 ἐι

106 2407 547 2442 Saint-Pierre-sur-Dive
562 2419 644 2442 sous
659 2407 891 2442 l’invoeation
904 2407 948 2442 de
963 2406 1514 2442 N0t1=e·Dame.Cetahh<÷mou-

108 2474 169 2501 rut
182 2467 215 2501 le
241 2470 281 2509 14
294 2468 434 2513 janvier
457 2468 563 2516 1078,
584 2481 725 2503 comme
742 2480 834 2502 nous
851 2468 884 2502 le
901 2480 1049 2503 verrens
1070 2468 1149 2515 plus
1169 2467 1263 2501 tard.

153 2527 204 2572 (2)
224 2526 285 2560 On
300 2539 345 2561 ne
359 2528 506 2561 connait
522 2529 626 2574 point
643 2528 751 2562 d⁷une
769 2528 930 2562 muniere
950 2528 1090 2574 precise
1106 2527 1273 2574 l’epoque
1292 2525 1337 2558 de
1357 2531 1449 2558 cette
1466 2525 1517 2558 in-

109 2586 229 2620 vasion
247 2586 297 2619 du
316 2586 452 2621 Vimeu
477 2599 542 2633 par
559 2587 763 2631 Gislebert,
793 2595 912 2622 comte
930 2587 975 2621 de
994 2588 1166 2621 Brionue.
1187 2583 1430 2632 Enguerrand
1450 2584 1491 2618 1⁸¹
1506 2613 1514 2626 ,

112 2652 229 2679 comte
247 2644 292 2679 de
316 2645 519 2688 Ponffiieu,
545 2647 607 2692 qui
627 2647 659 2680 la
679 2659 849 2693 repoussa
868 2648 895 2680 si
922 2646 1185 2688 vaillannment,
1216 2646 1360 2679 existuit
1386 2657 1517 2679 encore

110 2718 153 2737 vn
187 2703 287 2746 1045.
318 2704 394 2738 Elle
423 2705 541 2739 demit
560 2705 636 2739 etre
655 2707 860 2740 annii-imre
884 2708 901 2739 ἐι
926 2704 1030 2746 1034,
1054 2707 1194 2751 epoque
1214 2707 1402 2751 presiunee
1421 2704 1464 2738 (le
1485 2704 1516 2737 la

113 2764 300 2798 fondation
314 2764 362 2798 (lu
382 2764 463 2799 Boc.
