1951 3194
265 254 269 257 “
316 261 370 297 90
680 258 921 297 uls'somA
951 258 1353 298 ECCLEsiAs'rch.
1454 262 1724 312 [ποθι-1063]

315 337 583 385 monachile
606 338 883 385 coenobium
909 338 957 384 in
981 338 1164 385 honore
1187 351 1357 386 sanctae
1377 341 1460 387 Dei
1485 343 1726 406 genitricis

315 417 479 463 Mariae
513 418 722 464 construi
765 416 1008 479 praecepit.
1052 417 1240 480 Magnas
1279 420 1588 480 possessiones
1629 431 1727 466 tam

317 494 413 557 ipse
441 494 535 539 dux
560 511 699 557 quam
732 493 805 538 alii
840 493 1107 539 Normanni
1140 494 1381 557 praedictee
1413 496 1615 543 ecclesiae
1639 497 1727 544 de-

315 569 489 616 derunt
510 605 523 627 ‚
551 580 598 617 et
629 569 924 616 orationibus
953 570 1186 626 fidelium,
1220 571 1300 634 qui
1331 571 1426 617 illic
1458 575 1727 639 congregati

314 665 395 693 seu
419 648 734 713 congregandi
759 660 893 694 erant
917 649 973 694 ad
1000 649 1216 695 militiam
1242 648 1445 708 Christi,
1474 669 1569 698 sese
1593 669 1729 699 com—

316 725 675 772 mendaverunt.
705 725 774 771 lbi
797 726 1096 773 Fredesendis
1114 745 1235 773 uxor
1254 729 1486 775 Tancredi
1512 729 1569 776 de
1587 730 1730 776 Alta-

316 803 438 850 Villa
470 805 538 867 (ι)
569 804 748 868 sepulta
782 815 874 858 est;
910 823 998 869 pro
1028 823 1118 869 qua
1139 805 1413 852 wiscardus
1447 806 1570 852 filius
1607 809 1727 871 ejus,

317 881 568 945 quemdam
580 900 804 945 magnum
822 881 1025 928 fundum
1042 883 1192 929 eidem
1210 883 1415 930 ecclesiae
1430 884 1625 948 largitus
1641 894 1728 931 est.

317 959 446 1005 Idem
465 960 684 1023 princeps
709 959 988 1007 coenobium
1008 970 1180 1007 sanctee
1201 961 1450 1007 Trinitatis
1475 962 1521 1007 in
1544 962 1733 1009 civitate

316 1035 519 1082 Venusia
547 1036 618 1099 (2)
645 1037 875 1097 praedicto
904 1038 1026 1100 patri
1062 1036 1427 1083 commendavit.
1462 1038 1544 1084 Ille
1573 1048 1732 1084 autem

318 1115 658 1178 Bereugarium
684 1114 837 1160 filium
863 1115 1060 1160 Ernaldi
1094 1115 1179 1160 filii
1206 1115 1429 1179 Helgonis
1460 1115 1734 1162 Uticensem

317 1191 607 1238 monachum
639 1192 804 1254 elegit,
843 1202 888 1239 et
921 1192 978 1237 ad
1011 1191 1361 1255 suscipiendum
1394 1192 1605 1256 regimen
1631 1192 1733 1240 Ve—

318 1268 549 1314 nusiensis
576 1267 788 1314 coenobii
817 1267 1087 1315 Alexandro
1118 1286 1251 1332 papae
1284 1268 1602 1332 praesentavit.
1640 1268 1733 1328 Qui

316 1356 424 1408 post
456 1357 727 1410 perceptam
759 1345 1172 1402 benedictionem,
1211 1346 1437 1410 quamdiu
1467 1346 1736 1394 Alexander

317 1433 364 1469 et
395 1424 650 1487 Gregorius
682 1441 733 1469 ac
772 1423 1035 1470 Desiderius
1070 1424 1376 1488 apostolicam
1407 1426 1566 1472 sedem
1597 1440 1737 1469 rexe-

318 1512 451 1557 runt,
470 1519 631 1546 curam
651 1501 952 1548 Venusiensis
967 1501 1167 1547 abbatiae
1189 1501 1536 1548 honorabiliter
1550 1501 1732 1559 tenuit3

317 1578 487 1624 deinde
516 1577 810 1641 temporibus
840 1577 1023 1624 Urbani
1055 1597 1185 1641 papae
1214 1597 1237 1624 a
1272 1578 1409 1642 plebe
1440 1579 1612 1625 electus
1637 1578 1735 1642 epi-

320 1666 566 1718 scopatum
585 1655 788 1717 ejusdem
814 1655 946 1700 urbis
972 1657 1192 1720 suscepit.
1216 1657 1302 1702 Hic
1327 1656 1476 1702 nobili
1496 1655 1735 1720 parentela

319 1744 540 1792 exortus,
567 1733 624 1778 ab
653 1733 851 1779 infantia
881 1732 968 1779 sub
994 1734 1255 1780 Teoderico
1282 1733 1449 1780 abbate
1478 1733 1602 1797 apud
1626 1733 1738 1780 Uti-

320 1829 428 1856 cum
453 1810 644 1856 Christo
667 1810 916 1867 militavit,
943 1812 1206 1875 peritiaque
1230 1811 1413 1876 legendi
1439 1821 1485 1858 et
1511 1810 1734 1867 canendi,

319 1889 594 1952 optimeque
620 1888 857 1935 scribendi
886 1888 1068 1935 floruit.
1104 1890 1284 1936 Deinde
1310 1899 1363 1934 ut
1387 1889 1613 1945 diximus,
1650 1888 1738 1934 ab-

319 1965 478 2012 batem
505 1984 642 2011 suum
666 1976 879 2022 secutus,
907 1976 954 2013 et
978 1965 1036 2012 ab
1063 1967 1164 2031 ipso
1189 1966 1246 2013 ad
1270 1967 1554 2030 pastoralem
1577 1983 1740 2012 curam

319 2044 618 2106 adsumptus,
660 2043 887 2106 pusillum
919 2061 1109 2107 gregem
1133 2061 1196 2090 xx
1227 2043 1573 2091 monachorum
1597 2061 1740 2108 quem

320 2122 524 2184 recepit,
561 2120 906 2184 mundanisque
938 2121 1226 2167 vanitatibus
1254 2120 1560 2168 vehementer
1592 2136 1740 2166 occu-

318 2208 508 2261 patum,
529 2206 575 2242 et
599 2197 645 2241 in
671 2196 754 2242 Dei
777 2196 908 2241 cultu
931 2197 1060 2243 valde
1082 2198 1273 2261 pigrum
1296 2196 1501 2251 invenit,
1527 2205 1740 2259 postmo-

318 2275 431 2321 dum
461 2273 607 2337 gratia
633 2274 715 2319 Dei
738 2275 961 2336 juvante,
990 2275 1047 2319 ad
1076 2292 1327 2320 numerum
1352 2283 1543 2320 centum
1571 2289 1740 2319 mona-

320 2350 521 2397 chorum
558 2350 896 2413 augmentavit.
931 2352 1088 2397 Tanto
1128 2351 1269 2396 etiam
1313 2349 1549 2395 bonarum
1581 2349 1740 2395 studio

319 2430 553 2473 virtutum
575 2425 848 2473 nobilitavit
868 2444 969 2483 eos,
993 2438 1047 2472 ut
1068 2445 1123 2473 ex
1148 2428 1257 2491 ipsis
1281 2426 1439 2491 plures
1462 2426 1667 2490 episcopi
1693 2436 1740 2471 et

368 2642 417 2684 (ι’)
437 2639 568 2673 (Texuit
587 2638 618 2672 la
638 2637 829 2671 deuxieme
847 2636 979 2672 senune
1004 2637 1049 2672 de
1078 2637 1268 2672 'sanci-ede
1288 2636 1332 2671 de
1352 2634 1566 2671 Hauteville.
1591 2634 1639 2668 La
1658 2645 1740 2680 pre-

331 2701 442 2735 mibi-e
461 2698 647 2745 s'appelait
668 2697 845 2731 Moriene.

354 2762 403 2803 (ν.)
424 2760 588 2799 Υοιιοδιι,
610 2763 692 2796 ville
719 2754 923 2802 episcopale
940 2757 983 2792 de
998 2757 1030 2791 la
1045 2756 1245 2791 Basilicam.
