1951 3194
108 248 245 295 [1077]
598 247 748 283 LIBER
781 246 1024 294 QUlN'l'US.
1445 247 1517 283 311,

106 324 286 370 editum
304 360 317 381 ,
366 325 411 370 in
454 325 638 371 laminis
681 325 812 388 cupri
854 324 1023 371 litteris
1063 324 1213 371 aureis
1251 325 1316 369 sic
1357 342 1522 371 exara-

110 414 210 448 tum
239 413 326 450 est.

294 514 364 548 Hic
378 514 475 560 jacet
492 514 603 561 Hugo
622 514 848 548 chovicnsis
866 514 984 548 clarus
1006 514 1146 549 honore

293 574 548 617 pontificatus,
571 574 704 609 nobilis
723 586 823 621 teque
843 574 1022 621 sanguine
1036 582 1196 621 patrum.

295 634 471 668 praeditus
484 634 582 668 idem
599 640 789 668 stemmate
806 646 952 668 morum
973 646 1048 668 non
1065 635 1142 669 sine
1160 634 1248 669 bino

298 695 448 728 Munere
463 705 586 728 sensus
598 721 607 735 ‚
630 692 808 739 religione
826 692 1099 739 glorificandus.

295 752 486 786 Transitus
504 752 581 797 ejus
601 763 687 797 rege
708 750 898 797 Philippo⁷
923 758 1000 785 tum
1019 751 1216 786 Giliclmus

297 810 370 844 Rex
388 816 466 844 erat
484 809 624 855 Anglus
636 837 644 853 ,
668 809 749 843 luce
771 810 937 856 sequenti
958 808 1118 843 Phoebus
1137 808 1243 843 inivit

295 868 405 915 Signa
420 869 567 912 Leonis,
588 868 651 902 dct
671 868 766 903 Deus
781 868 839 902 isti
860 867 992 914 gaudia
1010 867 1101 902 coeli.
1118 868 1250 902 Amen.

173 971 243 1017 Ad
266 972 528 1036 regendum
547 973 892 1019 Luxoviensem
910 971 1217 1036 praesulatum
1238 969 1532 1018 Gislebertus

110 1060 433 1113 cognomento
456 1050 747 1097 Maminotus
761 1085 773 1104 ‚
802 1050 923 1113 regis
942 1049 1177 1096 archiater
1199 1058 1247 1095 et
1266 1048 1533 1112 capellanus

109 1127 283 1173 electus
320 1138 420 1186 est,
453 1138 500 1174 et
533 1126 557 1173 a
591 1126 820 1174 Michaele
850 1126 1186 1173 Abrincatensi
1219 1127 1444 1190 episcopo
1483 1125 1532 1171 in

111 1207 357 1268 praesentia
380 1205 543 1254 domni
569 1205 799 1253 Johannis
818 1204 1161 1268 archiepiscopi
1195 1205 1301 1268 (qui
1319 1205 1446 1268 jam,
1480 1213 1534 1249 ut

107 1283 338 1339 diximus,
367 1281 702 1346 obmutuerat)
731 1292 1031 1329 consecratus
1061 1292 1146 1328 est.
1178 1282 1266 1326 Hic
1287 1280 1413 1326 filius
1437 1281 1533 1327 Ro-

111 1360 232 1408 berti
257 1361 315 1408 de
332 1361 621 1424 Curvaspina
641 1361 911 1424 (1)strenui
931 1359 1096 1405 militis
1115 1358 1228 1418 fuit,
1251 1375 1374 1404 xxm
1395 1358 1532 1403 annis

110 1440 436 1504 episcopatum
456 1440 636 1498 tenuit,
658 1449 705 1486 ct
723 1438 945 1486 Ecclesiae
965 1456 1039 1486 res
1056 1446 1280 1502 potenter
1295 1435 1527 1484 obtinuit.

110 1516 237 1562 Artis
271 1515 521 1563 medicinae
545 1516 858 1579 peritissimus
883 1525 1009 1569 erat,
1038 1514 1116 1561 sed
1147 1513 1452 1577 semetipsum
1479 1512 1530 1558 in

110 1594 390 1655 pontificatu
431 1611 676 1658 nunquam
716 1594 823 1639 satis
864 1610 1029 1639 curare
1068 1601 1273 1655 poterat.
1323 1589 1530 1636 Scientia

111 1672 376 1718 litterarum
402 1681 449 1717 et
472 1670 689 1716 facundia
713 1669 924 1734 pollebat
940 1707 951 1729 ⁷
978 1668 1157 1715 divitiis
1182 1678 1229 1714 et
1247 1667 1427 1714 deliciis
1448 1666 1529 1712 in-

109 1749 377 1796 desinenter
401 1746 642 1803 affluebat,
671 1748 882 1812 propriae
904 1747 1138 1794 voluntati
1164 1757 1211 1793 et
1228 1745 1382 1791 carnis
1401 1761 1529 1790 curae

111 1826 249 1870 nimis
269 1823 517 1872 serviebat.
543 1824 654 1872 Otio
676 1834 723 1870 et
744 1824 894 1888 quieti
921 1824 1097 1869 affatim
1122 1821 1338 1868 studebat
1352 1858 1367 1879 ‚
1388 1821 1530 1867 ludis-

109 1920 201 1965 que
220 1902 427 1948 alearum
452 1912 499 1948 et
521 1912 805 1948 tesserarum
839 1901 1120 1964 plerumque
1150 1897 1443 1963 indulgebat.
1473 1900 1526 1943 In

109 1979 239 2025 cultu
259 1979 573 2026 ecclesiastico
590 1988 689 2026 erat
709 1978 843 2042 piger
860 1988 907 2024 et
925 1976 1168 2041 negligens
1185 2014 1196 2035 ‚
1220 1974 1300 2022 sed
1316 1974 1373 2021 acl
1393 1992 1528 2022 vena-

110 2070 213 2104 tum
227 2094 240 2116 ‚
268 2058 522 2122 aviumque
549 2067 793 2121 capturam
812 2066 1065 2121 promptus
1084 2066 1130 2102 ct
1148 2054 1291 2101 nimis
1316 2053 1521 2100 fervens.

109 2134 423 2181 Saecularibus
448 2135 605 2199 itaque
627 2134 864 2181 exercitiis
887 2143 933 2180 et
959 2131 1141 2179 actibus
1165 2131 1298 2178 omni
1323 2131 1418 2177 vita
1443 2147 1525 2176 sua

112 2212 315 2268 inhaesit,
337 2223 383 2259 et
401 2212 466 2257 sic
484 2229 631 2277 usque
647 2211 704 2258 ad
718 2211 1004 2276 decrepitam
1024 2221 1213 2258 aetatem
1227 2209 1365 2256 vixit.
1385 2208 1523 2254 Plura

110 2291 166 2337 de
199 2289 380 2336 actibus
415 2292 513 2354 ejus
546 2289 754 2336 scribere
788 2306 1006 2353 possum,
1045 2287 1124 2335 sed
1159 2286 1370 2350 reprimo
1403 2285 1525 2331 cala-

110 2384 239 2412 mum
253 2402 266 2422 ,
287 2367 394 2430 quia
412 2366 471 2412 ab
488 2367 589 2430 ipso
602 2365 659 2413 ad
675 2365 1037 2413 subdiaconatus
1052 2363 1247 2429 gradum
1270 2379 1379 2408 cum
1396 2361 1498 2407 aliis
1510 2396 1521 2416 ‚

112 2454 164 2488 ut
187 2444 379 2507 opinor,
405 2444 511 2506 plus
534 2461 675 2507 quam
703 2444 924 2491 trecentis
952 2452 1203 2507 promotus
1237 2458 1357 2486 sum,
1386 2438 1523 2485 Unde

113 2522 233 2567 sicut
251 2519 464 2585 quaedam
486 2520 542 2567 de
563 2521 645 2569 illo
666 2522 843 2585 protuli
869 2520 1255 2584 reprehensibilia
1271 2555 1283 2575 ,
1307 2519 1371 2564 sic
1391 2516 1523 2565 decet

163 2739 210 2783 (ι’)
237 2739 489 2786 Courl›‹'·pine,
512 2741 594 2786 pres
614 2740 753 2774 Reum<
