1951 3194
165 268 304 317 [1071]
656 263 810 301 LIBER
840 263 1094 313 QUARTUS.
1505 267 1582 303 215

165 344 347 408 aliquot
370 352 451 388 aut
474 342 575 388 fora
602 341 779 387 urbana
805 342 997 389 Gallicis
1033 340 1269 388 mercibus
1300 352 1348 387 et
1381 358 1585 406 mango-

167 421 307 468 nibus
333 421 507 467 referta
532 421 826 484 conspiceres
847 458 859 478 ,
887 432 933 468 et
957 421 1135 485 ubique
1160 420 1357 484 AngIOS,
1378 421 1459 485 qui
1486 422 1586 484 pri-

168 499 275 545 dem
297 499 472 543 amictu
497 499 651 561 patrio
673 499 851 561 compti
879 498 1163 544 videbantur
1182 498 1373 543 Francis
1399 507 1584 561 turpes,

168 593 299 623 nunc
315 577 569 641 peregrino
591 577 723 621 cultu
746 575 970 622 alteratos
989 576 1188 622 videres.
1212 576 1366 623 Nemo
1387 575 1589 640 praedari

168 652 392 709 audebat,
421 653 499 699 sed
525 652 849 717 unusquisque
876 670 953 698 sua
974 671 1084 697 rura
1111 663 1216 698 tuto
1240 652 1451 710 colebat,
1479 670 1591 699 suo-

169 749 261 795 que
288 731 498 794 compari
531 731 639 792 (sed
670 747 767 775 non
795 747 880 794 per
904 730 1103 794 longum
1130 731 1345 793 tempus)
1379 730 1593 777 hilariter

169 807 495 873 applaudebat.
526 807 725 854 Fiebant
757 818 803 854 et
833 807 1178 872 reparabantur
1202 807 1405 854 basilicae
1425 845 1436 864 ,
1466 821 1512 855 et
1544 810 1591 855 in

170 888 234 934 eis
269 888 385 933 sacri
418 896 631 934 oratores
664 885 946 951 obsequium
972 885 1226 932 studebant
1249 886 1349 933 Deo
1374 886 1592 932 debitum

168 965 454 1029 persolvere.
485 966 703 1029 Regnans
728 965 774 1010 in
797 983 906 1029 rege
929 965 1173 1029 diligentia
1200 963 1314 1011 boni
1340 963 1590 1029 vigilabat,

168 1054 215 1089 et
238 1059 565 1107 quoscumque
601 1053 791 1106 poterat
815 1043 1056 1089 ferventer
1089 1042 1146 1088 ad
1177 1041 1304 1090 bona
1339 1042 1591 1090 excitabat.

167 1120 415 1185 Anglicam
441 1120 735 1166 locutionem
764 1120 1046 1185 plerumque
1073 1121 1242 1184 sategit
1272 1120 1501 1177 ediscere,
1543 1131 1597 1166 ut

168 1198 268 1245 sine
292 1202 555 1263 interprete
578 1199 819 1263 querelam
841 1198 1065 1262 subjectae
1093 1198 1246 1262 gentis
1270 1209 1427 1261 posset
1455 1198 1597 1244 intel-

168 1276 338 1340 ligere,
360 1287 406 1322 et
431 1277 542 1322 scita
564 1276 865 1322 rectitudinis
886 1277 1145 1341 unicuique
1170 1276 1345 1340 (prout
1364 1277 1487 1323 ratio
1506 1276 1599 1322 dic-

169 1354 319 1416 taret)
347 1354 600 1400 al'fectuose
623 1354 920 1417 depromere.
949 1354 1034 1398 Ast
1052 1372 1075 1399 a
1096 1354 1406 1417 perceptione
1432 1352 1597 1416 hujus—

166 1432 296 1477 modi
338 1431 557 1477 lectionis
601 1430 768 1478 durior
811 1440 921 1477 aetas
963 1431 1100 1477 illum
1142 1430 1472 1494 compescebat
1492 1467 1504 1486 ,
1549 1442 1596 1478 et

169 1508 402 1553 tumultus
426 1508 822 1555 multimodarum
849 1508 1220 1572 occupationum
1247 1508 1302 1553 ad
1326 1508 1410 1554 alia
1438 1525 1595 1555 neccs-

168 1587 290 1633 sario
316 1585 598 1632 attrahebat.

233 1665 432 1722 Verum,
449 1666 557 1729 quia
571 1665 762 1711 humani
778 1666 962 1729 generis
977 1664 1268 1711 adversarius
1280 1676 1507 1728 tanquam
1520 1665 1595 1711 leo

167 1744 358 1807 rugiens
377 1753 551 1789 terram
573 1744 821 1799 circumit,
850 1760 1070 1808 quaerens
1091 1760 1237 1806 quem
1254 1742 1398 1788 dente
1419 1742 1593 1788 crude—

167 1821 312 1867 litatis
329 1838 424 1867 suae
450 1821 776 1867 comminuere
800 1821 970 1883 possit,
1000 1821 1176 1865 iterum
1194 1824 1358 1883 ingens
1381 1819 1594 1867 turbatio

167 1899 332 1962 Anglis
362 1899 518 1945 oritur
547 1908 687 1962 atque
717 1898 1037 1953 Normannis,
1071 1906 1211 1961 atque
1238 1896 1295 1941 ad
1323 1897 1590 1943 multorum

169 1976 512 2022 detrimentum
529 1975 611 2020 diu
630 1976 806 2039 perfida
826 1976 961 2022 szevit
978 1975 1210 2039 Erinnys,
1229 1974 1347 2020 Nam
1365 1993 1446 2021 rex
1461 1975 1592 2021 Guil-

168 2055 336 2101 lelmus
359 2053 558 2099 consilio
586 2071 845 2117 pravorum
869 2053 989 2099 male
1012 2070 1146 2108 usus,
1175 2052 1301 2098 laudi
1331 2071 1426 2098 suae
1455 2054 1593 2100 dam—

164 2150 282 2179 num
322 2132 537 2196 ingessit,
575 2131 689 2177 dum
728 2131 1056 2178 fraudulenter
1097 2130 1334 2195 inclytum
1363 2132 1590 2179 comitem

164 2210 440 2256 Morcarum
464 2209 512 2255 in
532 2209 710 2256 Eliensi
740 2209 889 2255 insula
911 2209 1172 2266 conclusit,
1198 2207 1383 2272 sibique
1407 2210 1590 2257 confoe-

167 2287 406 2343 deratum,
441 2297 488 2333 et
522 2287 590 2334 nil
624 2287 734 2333 mali
775 2286 1127 2333 machinantem
1164 2286 1237 2333 vel
1273 2287 1591 2350 suspicantem

170 2363 371 2412 obsedit.
400 2364 681 2428 Versipelles
711 2376 869 2411 autem
903 2365 1027 2411 inter
1053 2382 1131 2411 eos
1164 2365 1321 2411 nuntii
1350 2365 1592 2413 discurre-

167 2452 311 2499 runt,
340 2451 386 2486 et
417 2440 629 2488 dolosam
655 2442 982 2489 conditionem
1017 2443 1237 2507 nequiter
1268 2443 1586 2506 pepigerunt:

169 2519 349 2565 scilicet
377 2529 431 2564 ut
459 2536 505 2565 se
531 2536 687 2565 comes
714 2523 809 2584 regi
846 2519 1087 2575 redderet,
1125 2536 1328 2582 eumque
1361 2537 1442 2565 rex
1469 2523 1594 2584 paci-

170 2596 256 2643 fice
280 2607 332 2642 ut
359 2594 503 2642 fidum
531 2597 738 2641 amicum
767 2597 1040 2659 susciperet.
1070 2595 1292 2642 obsessus
1316 2613 1486 2661 nempe
1511 2599 1593 2645 diu

171 2685 360 2737 poterat
397 2691 491 2720 sese
531 2672 704 2720 ibidem
739 2673 1145 2720 inaccessibilitate
1184 2673 1273 2720 loci
1316 2673 1591 2735 defendere,

174 2761 254 2796 aut
272 2752 416 2798 nimia
437 2752 480 2797 vi
502 2751 766 2811 accidente,
792 2770 875 2816 per
893 2750 1228 2798 circumfluens
1249 2750 1427 2799 flumen
1448 2771 1594 2819 usquc
