1951 3194
429 300 507 336 *212
798 294 1041 333 HISTORIA
1073 292 1476 333 ECCLESIASTICA.
1574 296 1843 344 [1059-1070]

430 377 542 422 tiani
571 375 700 423 orbis
724 384 863 436 caput
888 372 1159 418 sollicitavit
1183 372 1414 435 epistoliS‚
1441 384 1487 420 et
1512 384 1704 438 precatu
1728 374 1846 420 reti-

429 472 542 501 nere
562 463 727 500 conata
746 462 815 497 est
829 461 875 497 et
893 451 956 496 vi.
981 451 1057 496 Sic
1075 449 1299 496 omnibus
1315 451 1508 496 emicuit
1531 451 1840 507 honorabilis,

428 551 571 597 quem
593 532 744 576 virtus
770 539 817 576 et
840 529 1066 593 sapientia
1091 527 1335 575 decorarat
1356 529 1581 592 specialis.

494 607 777 655 Sedunensis
803 607 949 671 igitur
972 606 1237 670 episcopuS‚
1261 617 1513 671 postquam
1538 608 1841 672 Stigandum,

427 697 480 733 ut
500 689 598 750 jam
620 686 803 731 dictum
823 696 913 740 est,
939 683 1183 748 deposuit,
1213 683 1533 730 Lanfrancum
1557 684 1614 731 ad
1635 686 1846 750 regimen

426 763 700 829 pontificale
740 762 988 818 invitavit,
1024 772 1070 808 et
1110 762 1158 806 in
1196 761 1395 809 consilio
1430 762 1763 827 episcoporum
1795 780 1846 808 ac

426 841 652 887 abbatum
667 839 979 886 Normanniae
999 839 1282 903 petitionem
1308 839 1529 886 Ecclesiae
1554 840 1636 886 Dei
1664 839 1846 886 denun-

428 921 581 966 tiavit.
610 919 693 966 llle
716 928 874 965 autem
898 916 1204 981 perturbatus
1230 927 1325 962 tam
1351 935 1490 981 grave
1514 918 1602 964 sibi
1628 935 1748 965 onus
1769 936 1851 965 ex-

428 998 592 1045 timuit
608 1033 621 1054 ,
650 1008 697 1043 et
722 996 933 1042 inducias
958 995 1015 1040 ad
1038 993 1401 1041 deliberandum
1424 996 1589 1059 petiit,
1614 995 1853 1042 indubita-

431 1087 532 1122 tum
561 1086 727 1122 tenens
751 1072 881 1138 quod
905 1072 1046 1118 simul
1076 1072 1143 1119 ire
1161 1090 1260 1119 non
1280 1084 1436 1137 posset
1455 1073 1676 1120 monachi
1698 1073 1851 1120 otium

424 1164 476 1199 et
500 1150 847 1214 archipraesulis
871 1148 1137 1213 negotium„
1161 1147 1319 1194 Abbas
1339 1150 1598 1196 Herluinus
1623 1150 1847 1214 imperat,

429 1231 503 1277 cui
539 1227 861 1277 obsecundare
896 1227 1027 1273 velut
1060 1225 1251 1272 Christo
1291 1226 1487 1273 solebat.
1529 1228 1705 1292 Regina
1741 1245 1850 1274 cum

429 1307 530 1354 filio
554 1305 772 1371 principe
805 1313 1043 1368 precatur.
1079 1305 1277 1366 Majores
1302 1321 1493 1369 quoque
1530 1303 1635 1351 ideo
1662 1304 1849 1351 collecti

432 1384 639 1431 studiose
666 1383 941 1430 hortantur.
968 1381 1078 1428 Non
1105 1380 1274 1427 abnuit
1299 1382 1375 1428 ille
1401 1382 1635 1446 praecipiti
1662 1391 1850 1428 senten-

433 1464 520 1521 tia,
543 1463 654 1529 quia
675 1478 819 1509 omne
836 1460 1017 1506 factum
1036 1470 1083 1506 et
1102 1459 1283 1505 dictum
1303 1461 1399 1523 ejus
1418 1459 1715 1506 discretionis
1735 1458 1855 1505 diri-

431 1541 569 1607 gebat
590 1557 777 1588 norma.
801 1537 1134 1585 Obedientiam
1155 1537 1395 1584 offendere
1414 1549 1571 1594 cavet,
1592 1538 1733 1584 simul
1753 1548 1856 1584 tan-

429 1630 508 1666 tos
540 1618 622 1682 qui
662 1627 832 1680 rogant
849 1652 860 1672 ‚
902 1615 1062 1662 favent
1080 1651 1093 1671 ‚
1134 1614 1465 1662 adhortantur.
1505 1616 1707 1661 Moestus
1744 1631 1857 1679 ergo

434 1709 566 1743 trans
593 1713 722 1741 mare
749 1693 877 1740 vadit
900 1703 1173 1740 excusatum
1200 1711 1268 1747 se,
1297 1711 1487 1757 sperans
1509 1692 1857 1757 jocunditatem

436 1775 486 1821 in
525 1772 811 1821 reversione.
854 1772 954 1818 Rex
995 1788 1104 1816 cum
1141 1771 1311 1835 gaudio
1349 1770 1613 1834 adjutorem
1653 1770 1856 1816 culturae

435 1851 717 1898 Christianae
742 1860 1016 1895 reverenter
1040 1848 1269 1912 suscepit,
1297 1859 1345 1894 et
1368 1848 1669 1894 excusatione
1694 1847 1856 1894 reluc-

437 1941 617 1976 tantem
640 1927 907 1974 humilitate
931 1937 976 1972 et
1002 1927 1240 1989 majestate
1264 1924 1463 1990 pulchre
1489 1943 1702 1991 pugnans
1726 1925 1852 1972 devi-

437 2010 501 2053 cit
533 2008 620 2071 (ι’).

486 2203 535 2250 (ι)
562 2201 758 2244 Lanfranc,
778 2202 881 2247 apres
902 2202 1001 2235 avoir
1027 2200 1196 2246 sejourne
1222 2199 1380 2247 quelque
1399 2206 1516 2246 temps
1534 2201 1552 2233 ἐι
1570 2199 1795 2243 Avranches,
1818 2212 1854 2235 se

438 2261 563 2299 rendit
582 2273 626 2295 au
648 2261 717 2295 Bec
736 2272 782 2294 en
806 2262 904 2303 1042.
926 2260 1083 2295 Nomme
1101 2260 1228 2307 prieur
1244 2258 1289 2293 de
1309 2270 1349 2292 ce
1369 2258 1574 2292 monastere
1592 2270 1638 2292 en
1661 2257 1766 2301 1045,
1789 2258 1813 2293 il
1831 2273 1855 2306 y

439 2320 561 2356 ouvrit
580 2331 644 2353 son
667 2318 766 2353 ecole
786 2317 1112 2352 immediatement.
1135 2318 1198 2352 Les
1220 2316 1315 2351 deux
1334 2315 1490 2350 conciles
1506 2316 1594 2350 cites
1618 2316 1682 2358 ici,
1705 2323 1742 2351 et
1764 2316 1854 2352 dans

438 2379 595 2427 lesquels
610 2378 635 2412 il
649 2378 765 2412 refuta
783 2377 834 2411 les
848 2389 994 2411 erreurs
1006 2376 1050 2410 de
1064 2378 1256 2421 Berenger‚
1272 2374 1498 2409 archidiacre
1512 2374 1704 2422 d'Angers‚
1724 2383 1856 2411 eurent

438 2440 513 2475 lieu
531 2451 576 2473 en
602 2436 705 2480 1050,
726 2437 758 2471 le
777 2436 937 2483 premier
954 2437 1057 2482 apres
1076 2436 1233 2482 pinques,
1252 2442 1288 2469 et
1306 2434 1399 2469 celui
1418 2434 1463 2469 (le
1479 2435 1625 2471 Verceil
1644 2447 1689 2470 au
1703 2436 1795 2469 mois
1809 2436 1854 2471 de

440 2496 658 2545 septembre.
688 2495 718 2529 11
742 2502 795 2529 est,
812 2494 886 2528 sort
910 2494 1071 2528 douteux
1089 2505 1160 2540 que
1181 2493 1359 2527 Lanfranc
1383 2493 1433 2527 ait
1451 2493 1574 2528 assiste'
1590 2506 1633 2527 au
1650 2493 1789 2527 concile
1809 2494 1854 2529 de

440 2558 575 2592 Tours.
592 2555 682 2590 Mais
699 2554 725 2588 il
745 2567 781 2588 se
795 2561 921 2588 trouva
941 2557 959 2588 ἐι
983 2553 1075 2588 celui
1091 2553 1135 2587 de
1150 2553 1268 2587 Rome
1289 2566 1335 2587 en
1354 2553 1443 2588 avril
1472 2553 1580 2601 1059,
1603 2554 1651 2588 ou
1671 2554 1854 2600 Berenger

439 2616 496 2650 sut
514 2614 699 2649 contraint
724 2612 908 2658 d'abjurer
928 2625 981 2647 ses
1002 2612 1200 2646 doctrines.
1227 2612 1299 2646 Son
1323 2611 1500 2658 principal
1526 2612 1634 2646 traite
1652 2618 1778 2646 contre
1798 2619 1855 2648 cet

440 2676 694 2721 heresiarque,
718 2673 851 2720 auquel
874 2672 898 2707 il
919 2672 1041 2707 donna
1062 2672 1093 2706 le
1116 2672 1199 2706 titre
1216 2684 1310 2706 assez
1327 2672 1465 2706 bizarre
1480 2671 1524 2705 de
1542 2671 1656 2705 Liber
1670 2671 1856 2706 Scintilla-

442 2748 537 2774 rwn,
558 2734 647 2767 mais
665 2733 728 2779 qui
744 2740 798 2767 est
814 2734 1114 2767 coniniuuement
1133 2731 1259 2777 appele
1281 2731 1333 2765 De
1352 2731 1510 2776 Corpore
1529 2736 1564 2763 et
1581 2732 1762 2775 sanguine
1780 2731 1856 2766 Do-

443 2796 544 2827 mini.
566 2800 618 2825 est
636 2792 680 2825 dv
708 2805 805 2839 ¹⁰79·
