1951 3194
403 312 479 349 328
766 305 1007 344 HISTORIA
1038 302 1440 340 ECCLESIASTICA.

404 388 569 453 populi
590 387 647 432 ad
665 386 816 432 Deum
831 419 844 440 ,
872 385 1231 447 ingemuerunt,
1254 391 1300 429 et
1324 398 1385 427 xx
1408 380 1663 446 discipulos
1687 398 1812 437 suos,

403 474 458 511 ut
470 463 737 510 Taurinum
749 460 1053 524 perimerent,
1070 458 1443 505 concitaverunt.
1458 457 1550 518 Qui
1562 458 1817 512 venientes,

403 561 428 588 a
448 543 553 587 viro
571 540 656 586 Dei
681 556 705 584 a
729 538 870 602 longe
894 537 976 583 visi
1005 546 1053 583 et
1075 536 1259 600 cogniti
1284 546 1420 590 sunt;
1454 535 1650 600 ipsoque
1667 534 1819 581 crucis

403 619 592 683 signum
616 625 781 661 contra
808 613 913 661 illos
933 613 1159 670 faciente,
1187 612 1315 660 illico
1341 611 1421 658 fixi
1446 621 1698 659 steterunt.
1732 610 1820 657 Illo

405 695 581 741 iterum
599 691 801 757 jubente
824 691 968 739 soluti
995 702 1106 737 sunt
1120 726 1132 747 ‚
1160 701 1207 737 et
1231 689 1475 754 provoluti
1503 687 1700 753 pedibus
1725 690 1822 752 ejus

407 770 737 827 crediderunt,
759 781 806 816 et
831 770 881 815 in
905 770 1101 816 nomine
1124 779 1299 815 sanctae
1314 779 1361 814 et
1380 767 1636 814 individuae
1653 767 1824 813 Trini-

408 849 516 895 tatis
538 847 760 912 baptizati
782 859 911 894 sunt.
938 848 1061 912 Magi
1083 857 1259 904 autem,
1285 858 1339 893 ut
1357 864 1437 893 sua
1457 846 1682 910 figmenta
1702 844 1824 892 nihil

412 929 461 974 in
481 926 684 973 militem
701 925 875 971 Christi
893 926 1045 973 valere
1061 935 1419 989 compererunt,
1438 924 1645 988 propriis
1664 942 1711 971 se
1729 922 1826 969 cul-

412 1004 498 1049 tris
522 1003 887 1049 interemerunt.

478 1082 661 1128 Interea
686 1080 895 1125 Licinius
920 1080 1086 1125 consul
1120 1079 1290 1125 famam
1316 1079 1439 1127 beati
1466 1078 1705 1144 pontificis
1739 1095 1825 1124 au-

413 1159 559 1213 divit,
583 1159 832 1221 ipsumque
858 1156 946 1202 sibi
966 1157 1153 1203 Gisaico
1169 1157 1186 1219 (
1199 1158 1242 1220 1)
1263 1157 1369 1203 villa
1388 1157 1664 1221 praesentari
1691 1155 1822 1202 fecit.

417 1236 525 1296 Qui,
538 1252 647 1280 eum
659 1234 942 1291 traheretur,
952 1233 1148 1281 obvium
1162 1233 1486 1281 habuitunum
1497 1233 1827 1298 paralyticum,

417 1330 726 1377 sororemque
751 1314 848 1375 ejus
871 1329 1042 1358 caecam
1057 1347 1070 1367 ‚
1097 1312 1284 1358 surdam
1308 1322 1355 1358 et
1379 1322 1576 1358 mutam.
1605 1310 1829 1357 Protinus

417 1391 498 1437 ille
519 1406 692 1453 aquam
713 1388 958 1436 benedixit
975 1425 988 1446 ‚
1024 1407 1174 1454 aegros
1197 1389 1407 1453 perfudit
1438 1400 1484 1436 et
1507 1406 1620 1436 mox
1644 1387 1829 1434 sanitati

418 1467 646 1514 restituit.
674 1466 927 1514 Carnifices
951 1466 1041 1513 hoc
1064 1467 1288 1514 viderunt
1312 1478 1356 1514 et
1381 1468 1430 1513 in
1454 1467 1715 1514 Dominum
1737 1476 1832 1511 sta-

422 1546 511 1592 tim
535 1545 854 1592 crediderunt.
883 1547 1009 1591 Dum
1027 1546 1201 1609 praesul
1225 1556 1272 1592 et
1289 1547 1455 1593 consul
1477 1546 1533 1593 de
1551 1545 1766 1592 idolatria
1785 1554 1833 1590 et

424 1621 662 1670 theusebia
677 1623 744 1684 (2)
771 1623 1036 1684 procaciter
1051 1623 1413 1682 altercarentur,
1439 1634 1486 1670 et
1510 1622 1685 1686 praesul
1702 1624 1834 1685 jussu

425 1697 632 1744 consulis
668 1696 1058 1743 irrationabiliter
1087 1698 1289 1744 furentis
1322 1699 1477 1744 nudus
1504 1699 1646 1762 virgis
1681 1697 1835 1744 caede—

426 1784 576 1829 retur,
608 1773 759 1819 Deum
785 1773 986 1820 fideliter
1010 1774 1285 1837 deprecatus
1308 1785 1399 1831 est,
1432 1785 1478 1821 et
1504 1792 1617 1821 mox
1643 1791 1757 1820 voce
1779 1773 1836 1820 de

428 1851 552 1898 coelo
586 1851 642 1897 ad
677 1868 785 1897 eum
819 1851 956 1897 missa
992 1851 1289 1898 confortatus
1323 1864 1409 1899 est.
1447 1853 1614 1898 Manus
1646 1869 1839 1916 quoque

428 1928 704 1975 carnificum
733 1929 892 1974 statim
920 1941 1166 1975 aruerunt.
1203 1931 1410 1976 Licinius
1438 1948 1549 1977 vero
1577 1929 1840 1976 Leonillam

429 2023 627 2053 uxorem
650 2022 804 2061 suam,
827 2006 935 2069 quia
954 2005 1237 2070 loquebatur
1259 2023 1348 2071 pro
1372 2008 1475 2053 viro
1501 2007 1582 2053 Dei
1595 2042 1609 2064 ‚
1638 2009 1702 2052 ira
1728 2022 1837 2052 suc-

429 2099 594 2129 census
613 2082 752 2145 jussit
777 2082 989 2128 cruciari.

474 2262 525 2305 (1)
550 2260 650 2294 Nous
670 2271 825 2306 pensons
847 2260 935 2306 qu’il
958 2261 1059 2306 s’agit
1084 2262 1130 2296 ici
1154 2262 1199 2296 dc
1221 2263 1343 2305 Gisai,
1364 2274 1558 2296 commune
1575 2261 1621 2295 de
1640 2253 1835 2302 l⁷Evrccin,

429 2320 543 2353 situee
559 2326 665 2353 entre
690 2317 834 2364 Broglie
853 2325 890 2352 et
914 2320 960 2353 La
982 2320 1111 2363 Bai-re,
1138 2322 1187 2355 ou
1204 2321 1277 2355 l²on
1296 2328 1422 2356 trouve
1446 2320 1508 2354 des
1535 2320 1657 2354 debris
1676 2319 1839 2354 notables

430 2379 612 2415 d’edifices
633 2379 810 2422 ronmins,
837 2386 873 2413 et
893 2381 911 2413 a
930 2379 1084 2427 laquelle
1108 2389 1189 2416 sont
1212 2383 1343 2416 reste-es
1370 2382 1553 2416 attacliees
1578 2381 1767 2426 beaucoup
1793 2379 1838 2413 dc

430 2438 623 2473 traditions
651 2437 814 2471 relatives
840 2440 859 2471 a
885 2438 977 2472 saint
997 2440 1148 2474 Taurii-1.
1176 2440 1360 2475 Plusieurs
1387 2440 1432 2475 de
1461 2453 1526 2476 nos
1556 2439 1835 2486 compatrffites,

429 2497 569 2544 d'apres
594 2497 627 2531 la
651 2497 867 2531 decouverte
888 2497 972 2531 saite
997 2511 1041 2532 au
1061 2491 1323 2534 Vieil—Evreux
1351 2499 1460 2534 d⁷une
1487 2499 1703 2545 inscription
1722 2497 1837 2531 votive

429 2569 471 2590 au
495 2556 580 2590 dieu
605 2556 725 2598 Gisai,
755 2562 790 2590 et
815 2555 924 2590 d’unc
942 2563 1045 2591 autre
1071 2558 1288 2605 inscription
1308 2558 1397 2592 dans
1417 2557 1569 2605 laquelle
1596 2557 1753 2603 figurent
1775 2553 1838 2588 des

428 2617 588 2661 citoycns
606 2614 650 2649 (le
666 2615 785 2657 Gisai,
810 2616 950 2649 eroient
966 2628 1036 2662 quc
1050 2617 1153 2652 Gisai
1170 2625 1224 2652 est
1241 2617 1274 2652 le
1292 2630 1376 2652 nom
1396 2617 1570 2664 primitis,
1586 2617 1619 2651 le
1634 2628 1717 2651 nom
1734 2615 1834 2648 Grau-

428 2675 492 2707 lois
504 2682 540 2708 et
556 2675 671 2709 nieme
686 2673 842 2709 Romaiu
857 2674 906 2708 du
921 2669 1188 2721 Vicil-Evrcux‚
1203 2691 1274 2725 que
1286 2690 1375 2712 nous
1391 2678 1587 2722 regardons
1600 2689 1644 2711 au
1657 2674 1808 2709 contrait
1819 2687 1837 2708 (Β

428 2746 555 2766 «minue
570 2734 850 2780 l'eniplacenicnl
875 2734 919 2768 do
937 2736 1182 2772 lllmlsmlmmm
1207 2740 1459 2773 Austrum-um.

473 2793 521 2834 (ει)
547 2797 737 2828 (masam.
763 2794 793 2828 le
817 2794 911 2829 culte
933 2795 1042 2829 divin.
