1951 3194
129 270 265 318 [1068]
618 269 770 306 Llssfflz
800 269 1053 315 QUARTUS.
1465 274 1537 311 1853

189 347 402 411 Elfgarus
428 365 582 394 comes
605 349 925 395 Coventrense
945 347 1222 395 coenobium
1240 350 1534 407 construxit,

127 436 172 471 et.
209 425 389 489 magnis
424 424 685 471 redditibus
722 425 778 471 ad
814 426 994 471 victum
1033 425 1378 473 monachorum
1417 426 1536 473 inibi

127 502 489 549 consistentium
511 501 703 567 largiter
727 502 896 548 ditavit
921 504 1013 569 (1).
1048 504 1264 551 Godiova
1286 521 1400 551 vero
1426 505 1541 552 reli-

124 579 254 643 giosa
281 579 516 625 comitissa
540 596 733 627 omnem
758 578 1029 626 thesaurum
1054 599 1193 627 suum
1216 581 1368 629 eidem
1392 582 1542 629 eccle-

126 658 205 703 siae
232 657 464 715 contulit,
489 667 536 704 et
558 657 793 703 accersitis
817 657 1067 704 aurifabris
1091 660 1320 724 quicquid
1351 661 1400 707 in
1424 678 1542 708 auro

126 745 173 779 et
196 743 393 797 argento
419 733 607 791 habuit,
642 733 699 779 ad
729 735 1103 782 construendum
1127 753 1280 784 sacros
1308 748 1463 784 textus
1496 747 1542 785 et

127 828 286 858 cruces
308 828 359 857 ac
385 811 606 875 imagines
629 822 904 858 sanctorum
918 848 930 868 ,
959 813 1139 878 aliaque
1167 814 1365 861 mirifica
1390 816 1544 863 eccle-

125 891 204 937 siae
228 900 504 937 ornamenta
523 890 692 937 devote
710 890 972 937 distribuit.
998 891 1167 939 Devoti
1195 895 1295 940 Deo
1314 893 1542 959 dignique

126 967 367 1031 religionis
415 966 550 1013 laude
588 977 807 1031 parentes
848 968 1105 1033 elegantem
1144 980 1192 1016 et
1223 970 1372 1016 multa
1408 971 1544 1018 laudc

123 1044 313 1109 dignam
332 1043 584 1091 ediderunt
606 1044 821 1092 sobolem
846 1067 855 1091 ε
880 1046 1149 1105 Eduinum,
1175 1049 1475 1107 Morcarum,
1500 1061 1546 1097 et

125 1140 267 1168 unam
292 1122 438 1169 filiam
464 1125 661 1170 nomine
692 1124 852 1181 Aldu,
887 1143 994 1190 quae
1024 1126 1184 1190 primo
1217 1128 1382 1192 nupsit
1408 1127 1546 1174 Grit-

124 1200 251 1248 frido
280 1202 377 1266 regi
407 1201 716 1257 Guallorum,
744 1213 854 1266 post
883 1205 1015 1267 cujus
1041 1216 1248 1251 mortem
1280 1205 1452 1252 sociata
1477 1216 1546 1252 est

125 1279 329 1325 Heraldo
356 1279 453 1345 regi
479 1279 747 1344 Anglorum
775 1281 869 1344 (2).

190 1356 427 1420 Tempore
441 1357 781 1403 Normannicae
797 1357 955 1415 cladis,
977 1376 1085 1423 quae
1104 1359 1265 1405 nimiis
1280 1360 1489 1424 oppressi
1496 1378 1545 1408 o-

124 1431 264 1478 nibus
288 1433 467 1498 Anglos
500 1433 807 1481 immoderate
832 1436 1186 1499 conquassavit,
1218 1436 1443 1483 Blidenus
1471 1438 1543 1500 (3)

126 1528 206 1556 rex
226 1509 512 1557 Guallorum
536 1511 592 1557 ad
615 1511 873 1558 avunculos
899 1529 1006 1559 suos
1029 1514 1264 1576 suppetias
1286 1514 1417 1560 venit
1431 1549 1443 1570 ,
1473 1532 1546 1562 se-

125 1605 328 1652 cumque
347 1588 706 1636 multitudinem
724 1589 979 1636 Britonum
998 1590 1211 1637 adduxit.
1238 1591 1545 1656 Congregatis

124 1675 281 1712 autem
304 1666 353 1712 in
376 1684 527 1712 unum
551 1667 714 1713 multis
740 1668 1011 1732 Anglorum
1037 1679 1084 1715 et
1107 1668 1391 1717 Guallorum
1416 1672 1546 1735 opti-

125 1741 355 1800 matibus,
385 1743 439 1789 fit
469 1743 699 1808 generalis
734 1745 1030 1809 querimonia
1058 1745 1115 1792 de
1153 1746 1338 1810 injuriis
1374 1758 1421 1793 et
1455 1766 1546 1812 op-

124 1818 462 1880 pressionibus,
482 1819 655 1884 quibus
675 1820 1041 1868 intolerabiliter
1057 1822 1197 1887 Angli
1217 1823 1546 1888 affligebantur

127 1913 150 1940 a
176 1895 465 1943 Normannis
489 1908 535 1944 et
558 1916 724 1944 eorum
746 1899 1186 1948 contubernalibus,
1208 1901 1545 1965 Legationibus

172 2120 222 2164 (ι)
248 2120 296 2153 Le
311 2121 514 2155 monastere
531 2120 576 2155 de
594 2121 778 2167 Coventry
791 2121 848 2156 sut
865 2121 976 2156 fonde
993 2133 1070 2156 vers
1092 2121 1200 2165 1043,
1223 2134 1297 2158 non
1321 2135 1441 2170 parce
1459 2136 1543 2170 per-

128 2189 308 2225 sonnage,
338 2179 428 2213 mais
454 2191 519 2225 par
538 2180 698 2222 Leosric‚
721 2180 907 2215 troisieme
928 2180 978 2214 du
997 2193 1105 2223 nom,
1134 2193 1199 2215 son
1225 2182 1330 2227 pere,
1358 2193 1406 2217 ou
1424 2182 1545 2229 plutot

129 2250 193 2283 par
211 2238 361 2273 Godeva
385 2251 421 2273 sa
445 2241 558 2274 mere.
586 2240 729 2286 Voyez,
755 2240 845 2274 dans
870 2240 903 2274 le
928 2240 1177 2275 Monasticum
1197 2241 1467 2288 Anglicamcm,
1493 2242 1545 2277 los

128 2296 270 2332 chartes
288 2297 452 2332 relatives
476 2300 495 2333 a
514 2305 609 2333 cette
633 2300 815 2343 creation,
842 2312 871 2343 1,
902 2312 937 2346 p.
959 2299 1038 2334 302.
1060 2301 1107 2335 La
1134 2300 1356 2343 somam—fiee,
1385 2313 1482 2336 soem·
1500 2302 1545 2336 dc

128 2355 288 2399 Turold,
308 2356 437 2391 sheriff
450 2356 500 2391 du
521 2358 792 2402 Lincolnshire,
818 2366 872 2394 est
892 2359 984 2394 citee
1007 2359 1189 2406 plusieurs
1213 2360 1281 2395 fois
1298 2360 1388 2395 dans
1410 2360 1444 2396 lc
1467 2362 1543 2397 Do-

129 2414 284 2461 mesday
302 2415 405 2449 Book·
431 2427 513 2450 sous
538 2416 571 2451 le
599 2430 683 2452 nom
707 2418 752 2453 de
781 2418 931 2454 Godeva
956 2420 1163 2454 Comitissa.
1186 2420 1246 2454 Un
1270 2432 1419 2467 passage
1437 2421 1482 2456 de
1506 2434 1546 2457 ec

129 2474 328 2509 document
345 2486 481 2520 prouve
495 2476 626 2522 qu’elle
645 2490 689 2511 ne
704 2486 855 2513 mourut
871 2479 1038 2525 qu’apres
1055 2479 1088 2513 la
1101 2479 1295 2526 conqucte.

176 2534 224 2578 (2)
251 2525 361 2567 Edith
374 2561 382 2575 ‚
402 2544 498 2567 soeur
515 2533 682 2569 d’Edwin
701 2543 737 2570 et
755 2536 801 2571 (le
820 2537 976 2576 Morcar,
1000 2538 1135 2571 mariee
1156 2550 1201 2571 en
1221 2539 1420 2583 premieres
1438 2551 1545 2574 noces

130 2596 147 2626 a
167 2592 317 2628 ‹h—iffitli
337 2606 384 2627 ou
402 2593 579 2639 Gruffyd,
600 2596 653 2628 roi
679 2596 723 2629 dc
740 2596 882 2638 Galles,
904 2603 941 2629 ct
964 2609 1007 2630 en
1033 2596 1204 2630 secondes
1229 2609 1335 2632 noces
1354 2600 1371 2632 31
1391 2599 1542 2634 ,Han-0111.

132 2652 254 2698 Voyez
273 2651 451 2685 ci-dcssus
471 2664 505 2697 p.
532 2665 540 2685 ι
556 2664 606 2697 ις),

177 2711 226 2756 (3)
252 2712 644 2757 Bletliyn-ap—Conlin7
669 2725 777 2746 nevcu
796 2712 961 2747 ‹l'l'fidwm
982 2720 1017 2747 et
1034 2713 1078 2748 ‹lc
1100 2715 1253 2758 Morcur,
1272 2727 1412 2751 connnc
1435 2717 1485 2753 fils
1502 2719 1547 2753 dv

134 2769 210 2803 leur
230 2782 325 2805 secur
348 2763 469 2805 Ediih.
