1951 3194
108 198 373 248 μῶυ-1057]
591 195 742 234 LIBER
771 193 1005 235 TERTIUS.
1449 195 1497 232 45

107 285 152 322 et
182 292 345 322 coxam
371 273 494 319 illius
519 283 564 320 et
590 273 753 319 tibiam
786 270 1136 331 comederant),
1172 280 1327 316 tantus
1351 271 1502 318 foetor

104 353 162 398 de
197 368 253 398 eo
278 350 556 407 ebulliebat,
589 361 642 395 ut
676 349 833 395 nullus
857 348 914 394 ad
945 364 1053 394 eum
1082 345 1299 393 accedere
1326 360 1497 411 posset.

107 428 224 473 Nam
249 445 334 491 per
355 427 608 484 foetorem,
633 426 715 491 qui
744 425 929 489 longius
952 422 1259 480 sentiebatur,
1285 424 1503 471 inventus

108 515 190 552 est.
225 506 289 552 Et
312 506 591 569 accipientes
614 521 721 550 eum
745 513 881 565 pater
909 504 1006 564 ejus
1031 510 1078 547 et
1100 510 1266 557 mater,
1291 502 1369 565 qui
1398 502 1502 564 plus

109 583 288 629 caeteris
310 580 552 640 amabant,
580 589 708 626 extra
733 576 1050 642 polyandrum
1080 576 1284 622 ecelesiae
1309 578 1505 640 sepelie-

109 669 240 704 runt.
264 659 385 705 Ecce
403 658 527 722 quali
548 664 702 702 morte
720 655 803 701 iste
828 653 1081 699 mulctatus
1106 662 1199 709 est,
1232 654 1312 716 qui
1338 653 1393 699 ad
1416 672 1507 699 sae—

111 735 202 780 culi
228 735 479 780 vanitatem
507 732 660 779 redire
688 731 881 787 maluit,
911 747 1053 794 quam
1080 729 1205 775 inter
1237 748 1392 777 servos
1422 732 1505 777 Dei

110 812 253 857 vitam
285 811 476 867 ducere,
518 827 603 873 per
635 826 776 873 quam
812 817 967 871 posset
1000 806 1056 852 ad
1087 805 1276 852 coeleste
1306 825 1506 871 regnum

112 888 437 935 conscendere.

173 964 305 1010 Alius
323 965 588 1030 presbyter,
612 963 870 1011 Adelardus
888 964 1082 1010 nomine
1096 998 1108 1019 ,
1130 980 1238 1008 cum
1263 979 1345 1026 per
1370 962 1509 1008 infir-

112 1042 323 1088 mitatem
350 1041 564 1088 habitum
588 1040 919 1087 monachicum
948 1040 1242 1102 sumpsisset,
1272 1039 1508 1085 ecclesiam

112 1119 168 1165 de
193 1120 346 1183 Sappo
373 1137 480 1165 cum
506 1120 709 1174 decima,
738 1136 879 1182 quam
904 1118 951 1162 in
984 1115 1126 1163 feudo
1158 1116 1375 1173 tenebat,
1413 1118 1512 1162 Deo

113 1206 159 1241 et
180 1198 227 1242 S.
250 1196 455 1243 Ebrulfo
479 1214 529 1241 ae
553 1195 794 1243 monachis
819 1195 960 1257 ipsius
986 1194 1035 1238 in
1057 1205 1338 1257 perpetuum
1363 1194 1513 1256 possi-

115 1273 314 1319 dendam
339 1272 547 1319 tradidit.
572 1273 661 1332 Qui
688 1282 844 1336 postea
865 1288 973 1316 cum
997 1270 1053 1316 ad
1076 1271 1321 1316 sanitatem
1345 1272 1514 1317 rediis-

116 1360 206 1406 set,
248 1350 484 1412 poenitere
520 1348 575 1395 de
613 1365 668 1395 eo
705 1347 833 1411 quod
873 1358 1028 1410 egerat
1065 1347 1242 1408 coepit,
1286 1358 1425 1410 atque
1459 1347 1514 1392 ad

117 1426 338 1472 saecnlum
366 1425 518 1472 redire
547 1426 727 1470 statuit.
760 1424 898 1483 Quod
930 1441 1038 1468 cum
1060 1422 1200 1468 abbas
1233 1425 1515 1470 Teodericus

117 1501 338 1559 audisset,
372 1502 579 1566 regulam
610 1502 657 1546 S.
694 1499 934 1547 Benedicti
969 1499 1155 1545 recitari
1192 1499 1341 1546 eidem
1374 1500 1513 1555 feeit,

117 1578 328 1642 dixitque
349 1578 414 1623 illi
436 1599 445 1623 :
465 1579 596 1624 Ecce
617 1578 722 1635 lex,
745 1576 831 1623 sub
853 1594 949 1640 qua
967 1576 1171 1621 militare
1191 1578 1281 1622 vis.
1307 1575 1365 1621 Si
1377 1588 1518 1642 potes

120 1655 392 1712 observare,
426 1654 673 1720 ingredere
690 1677 711 1709 ,·
745 1656 788 1700 sc'
819 1671 927 1700 vero
956 1671 1050 1699 non
1081 1665 1245 1718 potes,
1275 1654 1394 1700 liber
1415 1654 1521 1700 dis-

122 1731 251 1777 cede.
283 1730 485 1777 Nolebat
516 1731 643 1777 enim
670 1730 875 1794 aliquem
905 1728 1172 1792 hujusmodi
1209 1730 1451 1776 hominem
1476 1732 1520 1775 vi

121 1809 336 1855 retinere.
366 1810 432 1855 At
459 1809 534 1855 ille
559 1809 607 1854 in
639 1826 717 1853 sua
740 1807 997 1871 pertinacia
1020 1806 1140 1852 male
1165 1806 1433 1864 induratus,
1467 1808 1523 1853 de

123 1885 342 1933 coenobio
379 1887 550 1943 exivit,
587 1896 633 1932 et
668 1885 882 1931 habitum
905 1884 1201 1940 saecularem,
1236 1902 1379 1949 quem
1413 1885 1525 1931 reli-

123 1975 316 2026 querat,
356 1964 671 2027 reassumpsit.
712 1963 926 2027 Cumque
960 1962 1200 2008 ecclesiam
1240 1962 1296 2008 de
1336 1963 1490 2026 Sappo
1510 1999 1519 2017 ‚

123 2059 261 2105 quam
292 2042 534 2088 monachis
571 2040 785 2096 dederat,
828 2041 999 2087 iterum
1036 2040 1244 2103 accipere
1272 2040 1520 2095 voluisset,

125 2121 261 2183 Hngo
283 2119 339 2165 de
356 2119 788 2175 Grentemaisnilio,
811 2120 891 2182 qui
910 2130 1025 2164 tunc
1045 2118 1276 2165 honorem
1295 2118 1351 2165 de
1371 2119 1525 2182 Sappo

127 2194 402 2251 obtinebat,
437 2197 475 2242 ei
502 2213 599 2242 non
632 2196 861 2259 permisit.
892 2195 983 2255 Qui
1022 2194 1332 2241 Friardellum
1366 2196 1439 2258 (1)
1469 2195 1523 2240 ad

128 2289 233 2317 suos
257 2284 471 2335 parentes
497 2275 622 2335 (erat
646 2272 774 2318 enim
798 2272 854 2318 de
886 2271 1024 2318 bonis
1048 2270 1352 2335 parentibus)
1379 2271 1521 2323 abiit,

130 2358 175 2393 ct
196 2359 351 2411 postea
372 2349 468 2396 fere
491 2367 554 2396 xv
573 2350 706 2395 annis
728 2349 903 2396 ibidem
921 2349 1054 2395 vixit.
1077 2348 1345 2411 Numquam
1369 2357 1524 2393 tamen

130 2424 431 2486 postmodum
454 2428 632 2489 integre
649 2426 741 2471 fuit
760 2444 913 2481 sanus,
937 2424 1014 2472 sed
1037 2424 1225 2470 assiduis
1244 2422 1526 2486 fatigabatur

135 2500 501 2546 infirmitatilms.
536 2503 747 2565 Denique
780 2520 887 2548 eum
921 2511 1122 2548 mortem
1159 2499 1244 2544 sibi
1283 2499 1528 2544 imminere

181 2673 229 2716 ¹lsi)
251 2672 407 2706 Friardel
429 2673 507 2717 pres
527 2672 637 2706 {Ji-tw«
655 2700 657 2702 .
