1951 3194
110 256 245 303 [1118]
601 250 753 288 LIBER
783 248 1021 297 QUINTUS.
1429 246 1507 284 450

108 333 230 378 tibus
264 335 360 378 suis
400 348 645 395 nunquam
687 330 801 376 velis
841 347 920 376 eos
955 328 1243 383 diminuere,
1287 342 1372 371 nec
1413 326 1505 369 aii-

107 429 252 474 quam
281 413 346 456 eis
381 410 657 456 violentiam
682 426 773 473 per
803 406 1016 453 subditos
1050 418 1152 452 tuos
1183 405 1394 470 patiaris
1430 405 1508 447 in-

90 489 242 549 ferre.
270 489 376 552 Ipsi
400 489 652 542 nimirum,
679 487 724 532 si
736 485 875 550 fidus
885 482 1062 547 fautor
1089 500 1246 529 eorum
1271 481 1507 528 studueris

109 583 229 622 esse,
251 565 570 611 indesinenter
583 564 740 608 Deum
757 561 1024 608 exorabunt
1043 578 1134 626 pro
1160 572 1215 606 te.
1239 560 1507 622 Nunquam

109 644 256 705 igitur
286 660 391 697 eos,
423 642 518 688 sive
551 658 622 685 res
652 657 811 685 eorum
840 639 949 685 odio
978 638 1179 693 habeas,
1217 636 1303 683 sed
1328 652 1512 700 semper

107 719 286 783 diligas
297 738 312 774 ,·
344 730 386 764 et
421 720 466 764 si
493 718 730 764 Dominus
766 716 851 761 tibi
880 720 1030 762 vitam
1059 732 1118 761 ac
1142 715 1510 779 prosperitatem

108 795 312 851 dederit,
340 810 607 840 accrescere
616 793 810 854 facias.
838 793 961 838 Haec
984 794 1145 855 itaque
1166 795 1207 838 si
1232 791 1509 837 custodieris

109 883 151 916 et
172 872 380 934 jeceris,
421 869 788 915 benedictionem
818 870 940 926 Dei,
980 886 1122 932 quam
1161 870 1319 914 sancti
1341 878 1510 931 patres

109 948 258 993 nostri
287 945 553 993 haeredibus
591 949 688 992 suis
715 946 1024 1010 reliquerunt,
1053 963 1114 991 ex
1143 956 1281 1009 parte
1305 945 1400 989 Dei
1427 943 1512 988 tibi

110 1023 342 1080 concedo,
383 1035 426 1068 et
467 1035 519 1068 ut
551 1040 693 1086 super
736 1033 777 1067 te
814 1023 977 1068 veniat
1017 1033 1060 1067 et
1098 1032 1316 1075 maneat,
1354 1020 1513 1065 Deum

111 1119 272 1147 exoro.
308 1100 361 1146 Si
392 1118 501 1146 vero
531 1118 689 1156 secus,
726 1099 854 1163 quod
882 1098 1029 1156 absit,
1063 1102 1242 1160 egeris;
1273 1097 1513 1144 maledic-

112 1180 284 1224 tionem
319 1195 380 1223 ex
406 1181 687 1224 auctoritate
710 1178 805 1222 Dei
834 1188 875 1222 et
904 1187 1176 1223 sanctorum
1199 1178 1400 1222 Patrum
1427 1174 1516 1220 tibi

113 1256 342 1320 relinquo.

176 1333 329 1378 Finita
364 1350 475 1379 vero
510 1332 565 1378 ad
601 1332 750 1378 filium
786 1332 869 1378 hac
910 1333 1151 1388 oratione,
1193 1329 1513 1378 memorabilis

114 1408 249 1455 heros
274 1408 519 1455 Odelinam
548 1426 742 1455 uxorem
770 1427 900 1454 suam
933 1409 1011 1455 tali
1042 1407 1311 1472 aggreditur
1336 1406 1516 1452 allocu-

112 1485 241 1531 tione
262 1505 272 1529 :
299 1485 454 1530 Grata
467 1502 601 1531 soror
614 1496 657 1531 et
675 1485 895 1531 amabilis
910 1486 1126 1549 conjunx
1145 1483 1371 1539 Odelina,
1392 1499 1518 1546 quee-

109 1579 186 1617 30,
216 1579 320 1607 mea
352 1561 612 1624 benigniter
638 1580 763 1609 nunc
792 1562 980 1609 exaudi
999 1564 1295 1627 precamina.
1324 1561 1514 1606 Hacte-

110 1657 198 1685 nus
217 1641 430 1702 conjugii
428 1640 586 1700 sidem
603 1651 766 1686 mutuo
784 1640 919 1686 nobis
939 1641 1143 1704 legitime
1159 1638 1512 1693 custodivimus,

112 1729 155 1763 et
167 1718 270 1762 sine
283 1717 450 1779 litigio,
465 1720 678 1782 turpique
690 1718 881 1782 querela
886 1718 1001 1783 plus
1016 1734 1162 1781 quam
1173 1718 1346 1780 viginti
1356 1716 1513 1771 annis,

113 1794 373 1858 opitulante
391 1795 513 1851 Deo,
534 1795 676 1841 simul
692 1796 920 1840 viximus.
935 1798 1207 1841 Honestam
1216 1793 1421 1840 sobolem
1426 1809 1520 1857 per

112 1871 376 1934 legitimam
395 1872 616 1937 copulam
633 1876 882 1936 genuimus
891 1894 911 1927 ,·
933 1890 1073 1935 quam
1099 1883 1147 1917 ut
1164 1871 1414 1917 salubriter
1432 1886 1517 1915 suo

118 1948 331 1995 Creatori
364 1948 611 2005 subdatur,
653 1949 834 1996 sedulis
874 1952 1036 1996 incites
1074 1948 1351 1995 hortatibus.
1388 1947 1520 1992 Ecce

116 2026 264 2072 ducor
287 2026 356 2072 ad
378 2037 618 2083 extrema,
645 2037 688 2073 et
709 2027 850 2073 velim
873 2027 1042 2083 nolim,
1070 2029 1225 2073 mortis
1250 2025 1518 2091 appropin-

116 2120 206 2166 quo
230 2103 453 2167 confinia.
482 2105 613 2150 Ecce
633 2106 784 2169 juoeta
812 2122 982 2151 morem
1017 2105 1242 2151 universa)
1266 2105 1424 2149 carnis
1447 2101 1519 2146 cti-

116 2180 264 2236 labor,
284 2191 327 2225 et
343 2196 585 2226 commune
604 2181 813 2227 debitum
827 2182 1087 2246 persolvere
1106 2180 1374 2247 compellor.
1391 2179 1518 2226 Nolo

118 2269 159 2302 le
178 2275 267 2321 per
287 2258 436 2302 multa
454 2258 730 2322 pertrahere
751 2259 1010 2323 colloquia.
1036 2261 1157 2304 Cum
1177 2262 1279 2304 vita
1300 2269 1382 2303 tua
1404 2257 1520 2302 mul-

118 2336 175 2379 tis
193 2335 414 2380 doctrina
429 2337 583 2398 possit
602 2353 724 2393 esse,
749 2336 835 2382 hoc
850 2337 1002 2382 solum
1020 2337 1257 2383 consuetis
1276 2336 1407 2381 bonis
1427 2335 1520 2379 tuis

117 2412 266 2469 adde,
290 2423 338 2456 ut
355 2412 527 2459 amodo
548 2425 684 2459 casta
701 2417 835 2460 vivas
861 2417 909 2460 in
928 2427 1098 2461 sancta
1115 2414 1369 2460 viduitate.
1392 2412 1522 2458 Mihi

118 2505 228 2533 vero
252 2489 444 2534 licentia
469 2489 609 2535 detur
631 2509 662 2536 a
695 2503 734 2537 te
768 2502 818 2537 ut
845 2492 1103 2538 monachus
1121 2491 1247 2556 flam
1263 2527 1275 2547 ‚
1307 2503 1350 2536 et
1377 2490 1514 2536 indu-

118 2577 275 2610 menta
302 2570 456 2611 saneti
478 2571 634 2631 patris
668 2569 938 2627 Benedicti,
979 2571 1194 2633 quamvis
1223 2570 1317 2615 sint
1348 2571 1484 2632 nigra
1498 2605 1513 2624 ,

119 2642 291 2687 relictis
325 2643 486 2688 sceculi
517 2647 757 2708 pomposis
798 2647 1022 2703 vestibus,
1062 2647 1317 2710 accipiam.
1362 2646 1517 2710 Cupio

119 2735 272 2762 rorum
303 2719 515 2783 adipisci
538 2725 793 2777 consortia,
825 2724 908 2785 qui
927 2742 1016 2786 pro
1045 2723 1231 2769 (Vn-isto
1256 2723 1520 2785 relinquunt
