1951 3194
417 277 495 315 224
788 278 1031 317 HISTORIA
1061 278 1465 318 ECCLESIASTICA.
1563 282 1833 332 [1080-1086]

417 356 623 420 exceptis
659 356 939 402 muneribus
978 356 1117 420 regiis
1155 366 1201 403 et
1237 367 1455 404 reatuum
1488 359 1836 424 redemptioni-

415 432 529 490 bus,
557 434 752 497 aliisque
784 433 1132 498 multiplicibus
1163 436 1390 499 negotiis,
1425 454 1531 501 quae
1563 439 1684 485 renis
1714 457 1836 485 aera-

414 512 541 557 rium
559 510 773 575 quotidie
790 511 1040 576 adaugent.
1061 514 1159 559 Rex
1175 513 1457 560 Guillelmus
1473 476 1837 581 omnetiegnum

414 606 552 634 suum
576 587 832 652 diligenter
852 590 1175 654 investigavit,
1198 602 1245 637 et
1263 608 1427 638 omnes
1447 591 1582 639 fiscos
1601 595 1697 656 ejus
1716 593 1838 639 sicut

417 676 632 728 tempore
655 665 863 712 Eduardi
892 667 1012 730 regis
1038 666 1250 727 fuerant,
1278 668 1508 715 veraciter
1534 667 1734 715 describi
1759 668 1837 715 fe-

417 742 482 788 cit
500 742 593 806 (1).
615 743 785 789 Terras
804 753 960 790 autem
981 743 1216 790 militibus
1238 744 1297 790 ita
1315 744 1584 802 distribuit,
1606 756 1652 792 et
1671 763 1838 792 eorum

417 819 608 865 ordines
632 820 693 865 ita
716 820 974 884 disposuit,
995 832 1049 866 ut
1066 820 1251 885 Angliae
1271 838 1473 886 regnum
1494 839 1553 868 Lx
1573 822 1719 868 millia
1743 822 1839 868 mi-

417 897 558 943 litum
580 898 653 961 (2)
682 898 1004 946 indesinenter
1027 897 1247 954 haberet,
1272 916 1324 945 ac
1344 899 1400 945 ad
1425 899 1679 963 imperium
1696 899 1835 964 regis,

417 986 564 1040 prout
587 977 711 1023 ratio
736 977 1032 1041 poposcerit,
1058 977 1275 1024 celeriter
1298 976 1560 1024 exhiberet.

481 1054 609 1102 VIII.
629 1053 822 1118 Adeptis
843 1055 1001 1119 itaque
1022 1054 1181 1100 nimiis
1200 1054 1372 1119 opibus
1391 1073 1505 1120 quas
1525 1055 1603 1101 alii
1625 1072 1840 1119 aggrega·

417 1142 528 1177 rant
545 1167 557 1188 ,
595 1131 864 1177 Normanni
900 1131 1112 1178 furentes
1149 1133 1458 1179 immoderate
1489 1132 1765 1189 tumebant,
1793 1144 1840 1179 et

420 1210 664 1275 indigenas
689 1209 853 1257 divino
880 1210 1078 1257 verbere
1111 1229 1200 1275 pro
1229 1210 1437 1257 reatibus
1473 1212 1566 1257 suis
1597 1228 1840 1275 percussos

419 1288 562 1353 impie
582 1287 871 1335 mactabant.
893 1289 1152 1335 Manciadae
1171 1289 1384 1336 Maronis
1407 1288 1612 1335 disticon
1634 1287 1841 1352 comple-

420 1376 522 1413 tum
546 1367 594 1412 in
622 1366 713 1413 illis
740 1367 978 1414 cernimus
1002 1388 1011 1412 :

604 1481 736 1516 Nescia
755 1493 858 1516 mens
878 1480 1041 1516 hominis
1059 1480 1123 1515 fati
1144 1481 1325 1528 sortisque
1341 1480 1491 1524 futurae,

606 1540 652 1574 Et
669 1551 811 1574 servare
830 1539 982 1573 modum
994 1566 1003 1582 ,
1027 1539 1137 1574 rebus
1155 1539 1294 1574 sublata
1312 1538 1481 1575 secundis
1495 1537 1556 1585 (5).

418 1646 615 1694 Nobiles
648 1645 820 1710 puellae
852 1645 1213 1710 despicabilium
1245 1645 1456 1694 ludibrio
1494 1645 1841 1709 armigerorum

419 1724 673 1789 patebant,
705 1734 751 1771 et
779 1722 837 1769 ab
865 1723 1122 1770 immundis
1149 1723 1472 1771 nebulonibus
1498 1740 1734 1787 oppressae
1756 1721 1842 1769 de-

419 1800 560 1848 decus
594 1819 732 1847 suum
768 1799 1099 1865 deplorabant.
1137 1801 1373 1848 Matronae
1402 1817 1516 1847 vero
1543 1799 1769 1863 elegantia
1795 1809 1843 1845 et

421 1879 716 1943 ingenuitate
750 1877 1026 1943 spectabiles
1065 1877 1285 1925 desolatae
1318 1877 1602 1943 gemebant3
1635 1877 1841 1924 marito-

418 1975 528 2003 rum
564 1967 611 2003 et
652 1957 871 2003 omnium
908 1973 1029 2020 pene
1062 1958 1328 2004 amicorum
1361 1955 1530 2003 solatio
1573 1955 1838 2011 destitutae,

418 2035 564 2099 magis
596 2034 719 2080 mori
753 2051 897 2099 quam
923 2034 1081 2080 vivere
1109 2033 1356 2097 optabant.
1392 2033 1623 2079 Indociles
1651 2032 1840 2096 parasiti

418 2111 776 2158 admirabantur
803 2113 872 2176 (et
895 2112 1024 2176 quasi
1047 2111 1269 2159 vecordes
1288 2129 1312 2158 e
1335 2109 1553 2175 superbia
1577 2108 1843 2157 efficieban-

421 2191 522 2254 tur)
549 2190 675 2237 unde
702 2189 790 2235 sibi
822 2200 949 2236 tanta
987 2202 1191 2255 potestas
1225 2200 1509 2244 emanasset,
1540 2199 1586 2235 et
1611 2186 1843 2252 putabant

468 2445 519 2490 (π)
545 2444 595 2479 Ce
618 2443 732 2490 grand
754 2441 901 2484 travail,
924 2442 987 2488 qui
1006 2441 1190 2488 produisit
1213 2440 1245 2475 le
1266 2439 1481 2487 Domesday
1507 2439 1632 2480 Book,
1661 2439 1717 2474 sut
1742 2450 1843 2473 com-

424 2505 550 2537 mence
570 2515 616 2536 en
642 2502 747 2545 1080,
769 2508 806 2536 et
824 2502 983 2535 termine
1000 2512 1045 2534 en
1071 2499 1169 2535 1086.

469 2563 519 2609 (2)
545 2562 716 2598 Soixante
737 2561 836 2596 mille
852 2560 946 2595 deux
965 2568 1048 2595 cent
1066 2561 1216 2608 quinze,
1239 2560 1383 2594 suivant
1400 2571 1472 2594 une
1488 2559 1702 2605 chronique.

469 2621 523 2668 (5)
546 2623 643 2658 Lisez
664 2638 670 2656 ε

664 2681 770 2712 Nescia
788 2692 872 2710 mens
891 2681 1118 2721 lzominumsati
1136 2681 1284 2720 sortisque
1293 2681 1426 2717 suturoe,

661 2739 701 2766 Ee
717 2748 832 2766 servare
851 2737 969 2766 modum
981 2760 990 2771 ,
1006 2737 1092 2765 rebus
1110 2736 1230 2765 sublata
1251 2735 1397 2764 secundis.

979 2795 1078 2832 γῆς,
1099 2796 1187 2825 AEn.,
1205 2802 1243 2825 x,
1261 2793 1334 2821 501.
