<?xml version="1.0" encoding="UTF-8"?>
<!DOCTYPE html PUBLIC "-//W3C//DTD XHTML 1.0 Transitional//EN"
    "http://www.w3.org/TR/xhtml1/DTD/xhtml1-transitional.dtd">
<html xmlns="http://www.w3.org/1999/xhtml" xml:lang="en" lang="en">
 <head>
  <title>
</title>
<meta http-equiv="Content-Type" content="text/html;charset=utf-8" />
  <meta name='ocr-system' content='tesseract 3.04.00' />
  <meta name='ocr-capabilities' content='ocr_page ocr_carea ocr_par ocr_line ocrx_word'/>
</head>
<body>
  <div class='ocr_page' id='page_1' title='image "./ordericivitalish02ordeuoft/ordericivitalish02ordeuoft_0593.png"; bbox 0 0 1951 3194; ppageno 0'>
   <div class='ocr_carea' id='block_1_1' title="bbox 73 219 1473 270">
    <p class='ocr_par' dir='ltr' id='par_1_1' title="bbox 73 219 1473 270">
     <span class='ocr_line' id='line_1_1' title="bbox 73 219 1473 270; baseline -0.001 -11"><span class='ocrx_word' id='word_1_1' title='bbox 73 221 334 270; x_wconf 74' lang='lat'>[1077-1078]</span> <span class='ocrx_word' id='word_1_2' title='bbox 556 219 706 258; x_wconf 76' lang='lat' dir='ltr'>LIBER</span> <span class='ocrx_word' id='word_1_3' title='bbox 736 219 975 268; x_wconf 77' lang='lat' dir='ltr'><strong>QUINTUS.</strong></span> <span class='ocrx_word' id='word_1_4' title='bbox 1397 222 1473 257; x_wconf 64' lang='lat'><em>:585</em></span> 
     </span>
    </p>
   </div>
   <div class='ocr_carea' id='block_1_2' title="bbox 77 297 1495 2525">
    <p class='ocr_par' dir='ltr' id='par_1_2' title="bbox 77 297 1495 2453">
     <span class='ocr_line' id='line_1_2' title="bbox 77 297 1474 364; baseline 0 -21"><span class='ocrx_word' id='word_1_5' title='bbox 77 320 99 344; x_wconf 87' lang='lat'>«</span> <span class='ocrx_word' id='word_1_6' title='bbox 123 301 362 364; x_wconf 79' lang='lat' dir='ltr'><em>regionem</em></span> <span class='ocrx_word' id='word_1_7' title='bbox 376 299 634 358; x_wconf 86' lang='lat' dir='ltr'><em>intrabunt,</em></span> <span class='ocrx_word' id='word_1_8' title='bbox 656 300 821 346; x_wconf 85' lang='lat' dir='ltr'><em>decore</em></span> <span class='ocrx_word' id='word_1_9' title='bbox 836 299 1105 362; x_wconf 74' lang='lat' dir='ltr'><em>divitiisque</em></span> <span class='ocrx_word' id='word_1_10' title='bbox 1122 297 1413 363; x_wconf 86' lang='lat' dir='ltr'><em>spoliabunt,</em></span> <span class='ocrx_word' id='word_1_11' title='bbox 1432 311 1474 343; x_wconf 82' lang='lat' dir='ltr'><em>et</em></span> 
     </span>
     <span class='ocr_line' id='line_1_3' title="bbox 77 376 1477 443; baseline 0.001 -24"><span class='ocrx_word' id='word_1_12' title='bbox 77 397 99 420; x_wconf 88' lang='lat'>«</span> <span class='ocrx_word' id='word_1_13' title='bbox 122 387 381 441; x_wconf 87' lang='lat' dir='ltr'><em>contempto</em></span> <span class='ocrx_word' id='word_1_14' title='bbox 393 378 614 443; x_wconf 79' lang='lat' dir='ltr'><em>principe</em></span> <span class='ocrx_word' id='word_1_15' title='bbox 626 377 790 434; x_wconf 83' lang='lat' dir='ltr'><em>stulto,</em></span> <span class='ocrx_word' id='word_1_16' title='bbox 810 387 950 423; x_wconf 88' lang='lat' dir='ltr'><em>totam</em></span> <span class='ocrx_word' id='word_1_17' title='bbox 965 376 1318 423; x_wconf 86' lang='lat' dir='ltr'><em>Normanniam</em></span> <span class='ocrx_word' id='word_1_18' title='bbox 1333 378 1477 441; x_wconf 86' lang='lat' dir='ltr'><em>impie</em></span> 
     </span>
     <span class='ocr_line' id='line_1_4' title="bbox 77 453 1478 519; baseline 0 -20"><span class='ocrx_word' id='word_1_19' title='bbox 77 476 99 499; x_wconf 91' lang='lat'>«</span> <span class='ocrx_word' id='word_1_20' title='bbox 122 454 487 502; x_wconf 84' lang='lat' dir='ltr'><em>conculcabunt.</em></span> <span class='ocrx_word' id='word_1_21' title='bbox 514 455 649 519; x_wconf 90' lang='lat' dir='ltr'><em>Ipse,</em></span> <span class='ocrx_word' id='word_1_22' title='bbox 671 455 800 500; x_wconf 80' lang='lat' dir='ltr'><em>velut</em></span> <span class='ocrx_word' id='word_1_23' title='bbox 816 472 974 501; x_wconf 84' lang='lat' dir='ltr'><em>vacca</em></span> <span class='ocrx_word' id='word_1_24' title='bbox 992 454 1264 511; x_wconf 70' lang='lat' dir='ltr'><em>lasciviens,</em></span> <span class='ocrx_word' id='word_1_25' title='bbox 1289 453 1478 500; x_wconf 81' lang='lat' dir='ltr'><em>libidini</em></span> 
     </span>
     <span class='ocr_line' id='line_1_5' title="bbox 78 532 1477 598; baseline 0.002 -23"><span class='ocrx_word' id='word_1_26' title='bbox 78 553 100 576; x_wconf 86' lang='lat'>«</span> <span class='ocrx_word' id='word_1_27' title='bbox 115 534 422 598; x_wconf 78' lang='lat' dir='ltr'><em>pigritioeque</em></span> <span class='ocrx_word' id='word_1_28' title='bbox 435 533 614 587; x_wconf 70' lang='lat' dir='ltr'><em>serviet,</em></span> <span class='ocrx_word' id='word_1_29' title='bbox 631 542 674 577; x_wconf 90' lang='lat' dir='ltr'><em>et</em></span> <span class='ocrx_word' id='word_1_30' title='bbox 690 532 792 595; x_wconf 84' lang='lat' dir='ltr'><em>ipse</em></span> <span class='ocrx_word' id='word_1_31' title='bbox 798 533 924 596; x_wconf 88' lang='lat' dir='ltr'><em>prim</em></span> <span class='ocrx_word' id='word_1_32' title='bbox 931 549 983 577; x_wconf 91' lang='lat' dir='ltr'><em>us</em></span> <span class='ocrx_word' id='word_1_33' title='bbox 998 532 1350 577; x_wconf 88' lang='lat' dir='ltr'><em>ecclesiasticas</em></span> <span class='ocrx_word' id='word_1_34' title='bbox 1364 549 1477 596; x_wconf 84' lang='lat' dir='ltr'><em>opes</em></span> 
     </span>
     <span class='ocr_line' id='line_1_6' title="bbox 77 608 1479 676; baseline 0.001 -23"><span class='ocrx_word' id='word_1_35' title='bbox 77 631 98 653; x_wconf 87' lang='lat'>«</span> <span class='ocrx_word' id='word_1_36' title='bbox 124 610 341 676; x_wconf 80' lang='lat' dir='ltr'><em>diripiet,</em></span> <span class='ocrx_word' id='word_1_37' title='bbox 368 611 643 675; x_wconf 75' lang='lat' dir='ltr'><em>spurcisque</em></span> <span class='ocrx_word' id='word_1_38' title='bbox 667 608 937 664; x_wconf 85' lang='lat' dir='ltr'><em>lenonibus,</em></span> <span class='ocrx_word' id='word_1_39' title='bbox 964 609 1170 672; x_wconf 86' lang='lat' dir='ltr'><em>aliisque</em></span> <span class='ocrx_word' id='word_1_40' title='bbox 1195 609 1479 656; x_wconf 77' lang='lat' dir='ltr'><em>lecatoribus</em></span> 
     </span>
     <span class='ocr_line' id='line_1_7' title="bbox 80 686 1482 751; baseline 0.003 -22"><span class='ocrx_word' id='word_1_41' title='bbox 80 687 387 733; x_wconf 85' lang='lat' dir='ltr'><em>«distribuet.</em></span> <span class='ocrx_word' id='word_1_42' title='bbox 421 686 621 732; x_wconf 83' lang='lat' dir='ltr'><em>Talibus</em></span> <span class='ocrx_word' id='word_1_43' title='bbox 646 686 968 750; x_wconf 77' lang='lat' dir='ltr'><em>principatum</em></span> <span class='ocrx_word' id='word_1_44' title='bbox 1000 704 1136 731; x_wconf 89' lang='lat' dir='ltr'><em>suum</em></span> <span class='ocrx_word' id='word_1_45' title='bbox 1163 688 1404 751; x_wconf 74' lang='lat' dir='ltr'><em>porriget,</em></span> <span class='ocrx_word' id='word_1_46' title='bbox 1440 700 1482 733; x_wconf 71' lang='lat' dir='ltr'><em>et</em></span> 
     </span>
     <span class='ocr_line' id='line_1_8' title="bbox 80 761 1482 827; baseline 0.002 -20"><span class='ocrx_word' id='word_1_47' title='bbox 80 784 102 807; x_wconf 89' lang='lat'>«</span> <span class='ocrx_word' id='word_1_48' title='bbox 126 764 187 810; x_wconf 89' lang='lat' dir='ltr'><em>ab</em></span> <span class='ocrx_word' id='word_1_49' title='bbox 219 764 292 810; x_wconf 80' lang='lat' dir='ltr'><em>lzis</em></span> <span class='ocrx_word' id='word_1_50' title='bbox 318 763 571 810; x_wconf 88' lang='lat' dir='ltr'><em>consilium</em></span> <span class='ocrx_word' id='word_1_51' title='bbox 602 764 651 808; x_wconf 92' lang='lat' dir='ltr'><em>in</em></span> <span class='ocrx_word' id='word_1_52' title='bbox 681 761 1043 808; x_wconf 83' lang='lat' dir='ltr'><em>necessitatibus</em></span> <span class='ocrx_word' id='word_1_53' title='bbox 1073 764 1172 808; x_wconf 89' lang='lat' dir='ltr'><em>suis</em></span> <span class='ocrx_word' id='word_1_54' title='bbox 1206 766 1381 827; x_wconf 71' lang='lat' dir='ltr'><em>exiget.</em></span> <span class='ocrx_word' id='word_1_55' title='bbox 1421 767 1482 810; x_wconf 80' lang='lat' dir='ltr'><em>In</em></span> 
     </span>
     <span class='ocr_line' id='line_1_9' title="bbox 81 840 1483 903; baseline 0.003 -19"><span class='ocrx_word' id='word_1_56' title='bbox 81 861 103 885; x_wconf 90' lang='lat'>«</span> <span class='ocrx_word' id='word_1_57' title='bbox 127 842 307 888; x_wconf 85' lang='lat' dir='ltr'><em>ducatu</em></span> <span class='ocrx_word' id='word_1_58' title='bbox 325 840 556 887; x_wconf 86' lang='lat' dir='ltr'><em>Rodberti</em></span> <span class='ocrx_word' id='word_1_59' title='bbox 568 843 810 886; x_wconf 68' lang='lat' dir='ltr'><em>catamitae</em></span> <span class='ocrx_word' id='word_1_60' title='bbox 832 841 851 902; x_wconf 84' lang='lat'>(</span> <span class='ocrx_word' id='word_1_61' title='bbox 862 840 901 903; x_wconf 75' lang='grc' dir='ltr'><em>ι)</em></span> <span class='ocrx_word' id='word_1_62' title='bbox 921 851 964 884; x_wconf 80' lang='lat' dir='ltr'><em>et</em></span> <span class='ocrx_word' id='word_1_63' title='bbox 983 841 1247 903; x_wconf 80' lang='lat' dir='ltr'><em>effeminati</em></span> <span class='ocrx_word' id='word_1_64' title='bbox 1263 842 1483 888; x_wconf 83' lang='lat' dir='ltr'><em>domina-</em></span> 
     </span>
     <span class='ocr_line' id='line_1_10' title="bbox 82 917 1484 981; baseline 0.001 -19"><span class='ocrx_word' id='word_1_65' title='bbox 82 939 104 963; x_wconf 80' lang='lat'>«</span> <span class='ocrx_word' id='word_1_66' title='bbox 129 919 313 976; x_wconf 88' lang='lat' dir='ltr'><em>buntur,</em></span> <span class='ocrx_word' id='word_1_67' title='bbox 336 917 422 963; x_wconf 90' lang='lat' dir='ltr'><em>sub</em></span> <span class='ocrx_word' id='word_1_68' title='bbox 438 935 638 981; x_wconf 85' lang='lat' dir='ltr'><em>quorum</em></span> <span class='ocrx_word' id='word_1_69' title='bbox 655 917 983 964; x_wconf 79' lang='lat' dir='ltr'><em>dominatione</em></span> <span class='ocrx_word' id='word_1_70' title='bbox 1002 919 1215 981; x_wconf 81' lang='lat' dir='ltr'><em>nequitia</em></span> <span class='ocrx_word' id='word_1_71' title='bbox 1231 929 1274 963; x_wconf 86' lang='lat' dir='ltr'><em>et</em></span> <span class='ocrx_word' id='word_1_72' title='bbox 1290 920 1484 965; x_wconf 88' lang='lat' dir='ltr'><em>miseria</em></span> 
     </span>
     <span class='ocr_line' id='line_1_11' title="bbox 82 993 1486 1059; baseline 0.002 -21"><span class='ocrx_word' id='word_1_73' title='bbox 82 1015 104 1038; x_wconf 68' lang='lat' dir='ltr'><em>u</em></span> <span class='ocrx_word' id='word_1_74' title='bbox 123 994 488 1059; x_wconf 73' lang='lat' dir='ltr'><em>grassabuntur.</em></span> <span class='ocrx_word' id='word_1_75' title='bbox 514 994 660 1040; x_wconf 85' lang='lat' dir='ltr'><em>Urbes</em></span> <span class='ocrx_word' id='word_1_76' title='bbox 677 1006 720 1040; x_wconf 89' lang='lat' dir='ltr'><em>et</em></span> <span class='ocrx_word' id='word_1_77' title='bbox 745 993 874 1039; x_wconf 58' lang='lat' dir='ltr'><em>villa,²</em></span> <span class='ocrx_word' id='word_1_78' title='bbox 897 993 1247 1053; x_wconf 89' lang='lat' dir='ltr'><em>cremabuntur,</em></span> <span class='ocrx_word' id='word_1_79' title='bbox 1273 994 1486 1041; x_wconf 62' lang='lat' dir='ltr'><em>basilii-{c</em></span> 
     </span>
     <span class='ocr_line' id='line_1_12' title="bbox 82 1071 1487 1135; baseline 0.004 -21"><span class='ocrx_word' id='word_1_80' title='bbox 82 1092 104 1115; x_wconf 84' lang='lat'>«</span> <span class='ocrx_word' id='word_1_81' title='bbox 127 1083 397 1118; x_wconf 87' lang='lat' dir='ltr'><em>sanctorum</em></span> <span class='ocrx_word' id='word_1_82' title='bbox 409 1082 576 1117; x_wconf 89' lang='lat' dir='ltr'><em>temere</em></span> <span class='ocrx_word' id='word_1_83' title='bbox 585 1071 905 1118; x_wconf 80' lang='lat' dir='ltr'><em>violabuntur.</em></span> <span class='ocrx_word' id='word_1_84' title='bbox 923 1072 967 1116; x_wconf 89' lang='lat' dir='ltr'><em>C</em></span> <span class='ocrx_word' id='word_1_85' title='bbox 966 1082 1083 1117; x_wconf 83' lang='lat' dir='ltr'><em>oetus</em></span> <span class='ocrx_word' id='word_1_86' title='bbox 1084 1071 1310 1135; x_wconf 84' lang='lat' dir='ltr'><em>fidelium</em></span> <span class='ocrx_word' id='word_1_87' title='bbox 1323 1076 1413 1118; x_wconf 92' lang='lat' dir='ltr'><em>utri</em></span> <span class='ocrx_word' id='word_1_88' title='bbox 1416 1092 1487 1119; x_wconf 90' lang='lat' dir='ltr'><em>us-</em></span> 
     </span>
     <span class='ocr_line' id='line_1_13' title="bbox 84 1148 1489 1214; baseline 0.003 -22"><span class='ocrx_word' id='word_1_89' title='bbox 84 1169 107 1192; x_wconf 88' lang='lat'>«</span> <span class='ocrx_word' id='word_1_90' title='bbox 128 1167 219 1212; x_wconf 83' lang='lat' dir='ltr'><em>que</em></span> <span class='ocrx_word' id='word_1_91' title='bbox 249 1167 392 1195; x_wconf 70' lang='lat' dir='ltr'><em>sexus</em></span> <span class='ocrx_word' id='word_1_92' title='bbox 423 1148 768 1214; x_wconf 78' lang='lat' dir='ltr'><em>dispergentur,</em></span> <span class='ocrx_word' id='word_1_93' title='bbox 803 1148 1138 1213; x_wconf 74' lang='lat' dir='ltr'><em>hominumque</em></span> <span class='ocrx_word' id='word_1_94' title='bbox 1160 1149 1310 1195; x_wconf 85' lang='lat' dir='ltr'><em>multa</em></span> <span class='ocrx_word' id='word_1_95' title='bbox 1334 1150 1489 1196; x_wconf 87' lang='lat' dir='ltr'><em>millia</em></span> 
     </span>
     <span class='ocr_line' id='line_1_14' title="bbox 88 1225 1492 1291; baseline 0.002 -22"><span class='ocrx_word' id='word_1_96' title='bbox 88 1248 110 1270; x_wconf 84' lang='lat'>«</span> <span class='ocrx_word' id='word_1_97' title='bbox 116 1226 254 1290; x_wconf 85' lang='lat' dir='ltr'><em>ferro</em></span> <span class='ocrx_word' id='word_1_98' title='bbox 278 1227 358 1272; x_wconf 84' lang='lat' dir='ltr'><em>vel</em></span> <span class='ocrx_word' id='word_1_99' title='bbox 367 1226 579 1289; x_wconf 86' lang='lat' dir='ltr'><em>flamma</em></span> <span class='ocrx_word' id='word_1_100' title='bbox 601 1228 916 1291; x_wconf 67' lang='lat' dir='ltr'><em>perimentur,</em></span> <span class='ocrx_word' id='word_1_101' title='bbox 944 1243 1004 1270; x_wconf 62' lang='lat' dir='ltr'><em>ex·</em></span> <span class='ocrx_word' id='word_1_102' title='bbox 1031 1225 1202 1288; x_wconf 86' lang='lat' dir='ltr'><em>quibus</em></span> <span class='ocrx_word' id='word_1_103' title='bbox 1232 1226 1370 1271; x_wconf 77' lang='lat' dir='ltr'><em>midti</em></span> <span class='ocrx_word' id='word_1_104' title='bbox 1391 1230 1492 1273; x_wconf 84' lang='lat' dir='ltr'><em>sine</em></span> 
     </span>
     <span class='ocr_line' id='line_1_15' title="bbox 88 1304 1490 1371; baseline 0 -22"><span class='ocrx_word' id='word_1_105' title='bbox 88 1326 110 1350; x_wconf 87' lang='lat'>«</span> <span class='ocrx_word' id='word_1_106' title='bbox 129 1307 412 1371; x_wconf 85' lang='lat' dir='ltr'><em>poenitentia</em></span> <span class='ocrx_word' id='word_1_107' title='bbox 440 1316 484 1350; x_wconf 91' lang='lat' dir='ltr'><em>et</em></span> <span class='ocrx_word' id='word_1_108' title='bbox 505 1306 683 1351; x_wconf 81' lang='lat' dir='ltr'><em>viatico</em></span> <span class='ocrx_word' id='word_1_109' title='bbox 715 1304 949 1361; x_wconf 78' lang='lat' dir='ltr'><em>labentur,</em></span> <span class='ocrx_word' id='word_1_110' title='bbox 977 1314 1021 1349; x_wconf 89' lang='lat' dir='ltr'><em>et</em></span> <span class='ocrx_word' id='word_1_111' title='bbox 1037 1321 1130 1369; x_wconf 87' lang='lat' dir='ltr'><em>pro</em></span> <span class='ocrx_word' id='word_1_112' title='bbox 1158 1304 1367 1350; x_wconf 90' lang='lat' dir='ltr'><em>reatibus</em></span> <span class='ocrx_word' id='word_1_113' title='bbox 1391 1306 1490 1350; x_wconf 88' lang='lat' dir='ltr'><em>suis</em></span> 
     </span>
     <span class='ocr_line' id='line_1_16' title="bbox 88 1381 1493 1429; baseline 0.001 -3"><span class='ocrx_word' id='word_1_114' title='bbox 88 1404 109 1427; x_wconf 82' lang='lat'>«</span> <span class='ocrx_word' id='word_1_115' title='bbox 133 1385 203 1429; x_wconf 83' lang='lat' dir='ltr'><em>acl</em></span> <span class='ocrx_word' id='word_1_116' title='bbox 225 1394 407 1429; x_wconf 84' lang='lat' dir='ltr'><em>tartara</em></span> <span class='ocrx_word' id='word_1_117' title='bbox 430 1400 558 1428; x_wconf 70' lang='lat' dir='ltr'><em>sceva</em></span> <span class='ocrx_word' id='word_1_118' title='bbox 581 1381 840 1428; x_wconf 74' lang='lat' dir='ltr'><em>trahentur.</em></span> <span class='ocrx_word' id='word_1_119' title='bbox 870 1381 1129 1428; x_wconf 70' lang='lat' dir='ltr'><em>Eventibus</em></span> <span class='ocrx_word' id='word_1_120' title='bbox 1154 1381 1226 1426; x_wconf 73' lang='lat' dir='ltr'><em>ln‘s</em></span> <span class='ocrx_word' id='word_1_121' title='bbox 1253 1381 1493 1428; x_wconf 85' lang='lat' dir='ltr'><em>Norman-</em></span> 
     </span>
     <span class='ocr_line' id='line_1_17' title="bbox 88 1460 1494 1524; baseline 0.001 -21"><span class='ocrx_word' id='word_1_122' title='bbox 88 1462 217 1506; x_wconf 84' lang='lat' dir='ltr'><em>«nia</em></span> <span class='ocrx_word' id='word_1_123' title='bbox 251 1460 518 1524; x_wconf 81' lang='lat' dir='ltr'><em>subjacebit</em></span> <span class='ocrx_word' id='word_1_124' title='bbox 531 1480 551 1513; x_wconf 87' lang='lat'><em>,·</em></span> <span class='ocrx_word' id='word_1_125' title='bbox 587 1471 629 1505; x_wconf 87' lang='lat' dir='ltr'><em>et</em></span> <span class='ocrx_word' id='word_1_126' title='bbox 668 1461 791 1506; x_wconf 86' lang='lat' dir='ltr'><em>sicut</em></span> <span class='ocrx_word' id='word_1_127' title='bbox 826 1460 966 1517; x_wconf 85' lang='lat' dir='ltr'><em>olim,</em></span> <span class='ocrx_word' id='word_1_128' title='bbox 1013 1460 1283 1505; x_wconf 84' lang='lat' dir='ltr'><em>vicinarum</em></span> <span class='ocrx_word' id='word_1_129' title='bbox 1320 1463 1494 1506; x_wconf 69' lang='lat' dir='ltr'><em>victrix</em></span> 
     </span>
     <span class='ocr_line' id='line_1_18' title="bbox 88 1537 1494 1601; baseline 0.002 -20"><span class='ocrx_word' id='word_1_130' title='bbox 88 1558 111 1582; x_wconf 90' lang='lat'>«</span> <span class='ocrx_word' id='word_1_131' title='bbox 130 1539 365 1601; x_wconf 75' lang='lat' dir='ltr'><em>gentium,</em></span> <span class='ocrx_word' id='word_1_132' title='bbox 393 1538 698 1583; x_wconf 82' lang='lat' dir='ltr'><em>immoderate</em></span> <span class='ocrx_word' id='word_1_133' title='bbox 722 1539 915 1594; x_wconf 90' lang='lat' dir='ltr'><em>tumuit,</em></span> <span class='ocrx_word' id='word_1_134' title='bbox 948 1539 1019 1582; x_wconf 88' lang='lat' dir='ltr'><em>sic</em></span> <span class='ocrx_word' id='word_1_135' title='bbox 1048 1537 1133 1582; x_wconf 89' lang='lat' dir='ltr'><em>sub</em></span> <span class='ocrx_word' id='word_1_136' title='bbox 1162 1537 1284 1583; x_wconf 81' lang='lat' dir='ltr'><em>(luce</em></span> <span class='ocrx_word' id='word_1_137' title='bbox 1314 1538 1494 1584; x_wconf 81' lang='lat' dir='ltr'><em>lubrico</em></span> 
     </span>
     <span class='ocr_line' id='line_1_19' title="bbox 89 1613 1495 1679; baseline 0.001 -21"><span class='ocrx_word' id='word_1_138' title='bbox 89 1635 111 1657; x_wconf 89' lang='lat'>«</span> <span class='ocrx_word' id='word_1_139' title='bbox 135 1626 178 1660; x_wconf 90' lang='lat' dir='ltr'><em>et</em></span> <span class='ocrx_word' id='word_1_140' title='bbox 194 1616 332 1679; x_wconf 78' lang='lat' dir='ltr'><em>segni</em></span> <span class='ocrx_word' id='word_1_141' title='bbox 348 1613 659 1679; x_wconf 83' lang='lat' dir='ltr'><em>despicabilis</em></span> <span class='ocrx_word' id='word_1_142' title='bbox 671 1615 774 1670; x_wconf 83' lang='lat' dir='ltr'><em>erit,</em></span> <span class='ocrx_word' id='word_1_143' title='bbox 794 1625 837 1659; x_wconf 91' lang='lat' dir='ltr'><em>et</em></span> <span class='ocrx_word' id='word_1_144' title='bbox 852 1613 955 1659; x_wconf 86' lang='lat' dir='ltr'><em>telis</em></span> <span class='ocrx_word' id='word_1_145' title='bbox 969 1615 1233 1660; x_wconf 81' lang='lat' dir='ltr'><em>vicinorum</em></span> <span class='ocrx_word' id='word_1_146' title='bbox 1253 1615 1495 1660; x_wconf 81' lang='lat' dir='ltr'><em>miserabi-</em></span> 
     </span>
     <span class='ocr_line' id='line_1_20' title="bbox 89 1690 1495 1755; baseline 0.002 -21"><span class='ocrx_word' id='word_1_147' title='bbox 89 1712 111 1735; x_wconf 90' lang='lat'>«</span> <span class='ocrx_word' id='word_1_148' title='bbox 137 1691 242 1737; x_wconf 89' lang='lat' dir='ltr'><em>liter</em></span> <span class='ocrx_word' id='word_1_149' title='bbox 263 1691 442 1755; x_wconf 80' lang='lat' dir='ltr'><em>diuque</em></span> <span class='ocrx_word' id='word_1_150' title='bbox 456 1690 661 1755; x_wconf 79' lang='lat' dir='ltr'><em>patebit.</em></span> <span class='ocrx_word' id='word_1_151' title='bbox 688 1692 928 1755; x_wconf 71' lang='lat' dir='ltr'><em>[nsipiens</em></span> <span class='ocrx_word' id='word_1_152' title='bbox 953 1691 1059 1736; x_wconf 70' lang='lat' dir='ltr'><em>(lux</em></span> <span class='ocrx_word' id='word_1_153' title='bbox 1091 1692 1279 1737; x_wconf 83' lang='lat' dir='ltr'><em>nomine</em></span> <span class='ocrx_word' id='word_1_154' title='bbox 1311 1703 1495 1737; x_wconf 81' lang='lat' dir='ltr'><em>tantum</em></span> 
     </span>
     <span class='ocr_line' id='line_1_21' title="bbox 89 1768 1489 1834; baseline 0.003 -23"><span class='ocrx_word' id='word_1_155' title='bbox 89 1790 111 1812; x_wconf 89' lang='lat'><strong><em>«</em></strong></span> <span class='ocrx_word' id='word_1_156' title='bbox 131 1770 362 1834; x_wconf 84' lang='lat' dir='ltr'><em>principis</em></span> <span class='ocrx_word' id='word_1_157' title='bbox 399 1768 840 1833; x_wconf 58' lang='lat' dir='ltr'><em>cognominabitum·</em></span> <span class='ocrx_word' id='word_1_158' title='bbox 873 1769 961 1814; x_wconf 81' lang='lat' dir='ltr'><em>sed</em></span> <span class='ocrx_word' id='word_1_159' title='bbox 990 1769 1279 1814; x_wconf 77' lang='lat' dir='ltr'><em>nebulonum</em></span> <span class='ocrx_word' id='word_1_160' title='bbox 1311 1772 1385 1815; x_wconf 77' lang='lat' dir='ltr'><em>vis</em></span> <span class='ocrx_word' id='word_1_161' title='bbox 1421 1772 1489 1828; x_wconf 84' lang='lat' dir='ltr'><em>ei,</em></span> 
     </span>
     <span class='ocr_line' id='line_1_22' title="bbox 90 1846 1492 1910; baseline 0.002 -21"><span class='ocrx_word' id='word_1_162' title='bbox 90 1867 113 1889; x_wconf 88' lang='lat'>«</span> <span class='ocrx_word' id='word_1_163' title='bbox 137 1847 409 1909; x_wconf 71' lang='lat' dir='ltr'><em>declitceque</em></span> <span class='ocrx_word' id='word_1_164' title='bbox 421 1847 679 1910; x_wconf 62' lang='lat' dir='ltr'><em>provinciae</em></span> <span class='ocrx_word' id='word_1_165' title='bbox 701 1846 770 1889; x_wconf 86' lang='lat' dir='ltr'><em>acl</em></span> <span class='ocrx_word' id='word_1_166' title='bbox 792 1846 1044 1891; x_wconf 86' lang='lat' dir='ltr'><em>multorum</em></span> <span class='ocrx_word' id='word_1_167' title='bbox 1066 1849 1322 1909; x_wconf 80' lang='lat' dir='ltr'><em>perniciem</em></span> <span class='ocrx_word' id='word_1_168' title='bbox 1347 1848 1492 1893; x_wconf 75' lang='lat' dir='ltr'><em>(lomi-</em></span> 
     </span>
     <span class='ocr_line' id='line_1_23' title="bbox 91 1922 1493 1988; baseline 0.001 -21"><span class='ocrx_word' id='word_1_169' title='bbox 91 1945 113 1967; x_wconf 90' lang='lat'><strong><em>«</em></strong></span> <span class='ocrx_word' id='word_1_170' title='bbox 137 1923 343 1969; x_wconf 72' lang='lat' dir='ltr'><em>nubitur.</em></span> <span class='ocrx_word' id='word_1_171' title='bbox 371 1943 391 1965; x_wconf 73' lang='grc' dir='ltr'>υ</span> <span class='ocrx_word' id='word_1_172' title='bbox 421 1924 555 1968; x_wconf 48' lang='grc' dir='ltr'><em>[7ίὸιό</em></span> <span class='ocrx_word' id='word_1_173' title='bbox 587 1922 867 1985; x_wconf 73' lang='lat' dir='ltr'><em>hujusmodi</em></span> <span class='ocrx_word' id='word_1_174' title='bbox 888 1940 1042 1986; x_wconf 86' lang='lat' dir='ltr'><em>nuper</em></span> <span class='ocrx_word' id='word_1_175' title='bbox 1064 1923 1182 1967; x_wconf 73' lang='lat' dir='ltr'><em>milii</em></span> <span class='ocrx_word' id='word_1_176' title='bbox 1203 1924 1493 1988; x_wconf 82' lang='lat' dir='ltr'><em>supplicanti</em></span> 
     </span>
     <span class='ocr_line' id='line_1_24' title="bbox 88 1998 1491 2065; baseline 0.001 -20"><span class='ocrx_word' id='word_1_177' title='bbox 88 2002 338 2065; x_wconf 79' lang='lat' dir='ltr'><em>apparuit,</em></span> <span class='ocrx_word' id='word_1_178' title='bbox 363 2001 612 2063; x_wconf 83' lang='lat' dir='ltr'><em>ipsamque</em></span> <span class='ocrx_word' id='word_1_179' title='bbox 632 1998 750 2043; x_wconf 76' lang='lat' dir='ltr'><em>nzz&#39;lzi</em></span> <span class='ocrx_word' id='word_1_180' title='bbox 770 1999 1031 2062; x_wconf 84' lang='lat' dir='ltr'><em>spiritualis</em></span> <span class='ocrx_word' id='word_1_181' title='bbox 1058 1999 1231 2056; x_wconf 64' lang='lat' dir='ltr'><em>index,</em></span> <span class='ocrx_word' id='word_1_182' title='bbox 1262 2011 1311 2045; x_wconf 88' lang='lat' dir='ltr'><em>ut</em></span> <span class='ocrx_word' id='word_1_183' title='bbox 1341 2018 1491 2065; x_wconf 71' lang='lat' dir='ltr'><em>expo—</em></span> 
     </span>
     <span class='ocr_line' id='line_1_25' title="bbox 88 2076 1493 2141; baseline 0 -18"><span class='ocrx_word' id='word_1_184' title='bbox 88 2079 229 2123; x_wconf 86' lang='lat' dir='ltr'><em>situm</em></span> <span class='ocrx_word' id='word_1_185' title='bbox 248 2088 340 2133; x_wconf 89' lang='lat' dir='ltr'><em>est,</em></span> <span class='ocrx_word' id='word_1_186' title='bbox 364 2078 568 2141; x_wconf 87' lang='lat' dir='ltr'><em>aperuit.</em></span> <span class='ocrx_word' id='word_1_187' title='bbox 596 2077 935 2122; x_wconf 83' lang='lat' dir='ltr'><em>Verumtamen</em></span> <span class='ocrx_word' id='word_1_188' title='bbox 961 2076 1096 2132; x_wconf 81' lang='lat' dir='ltr'><em>dira,</em></span> <span class='ocrx_word' id='word_1_189' title='bbox 1124 2094 1231 2139; x_wconf 76' lang='lat' dir='ltr'><em>quce</em></span> <span class='ocrx_word' id='word_1_190' title='bbox 1249 2080 1493 2124; x_wconf 83' lang='lat' dir='ltr'><em>imminent</em></span> 
     </span>
     <span class='ocr_line' id='line_1_26' title="bbox 88 2154 1490 2212; baseline 0.001 -11"><span class='ocrx_word' id='word_1_191' title='bbox 88 2156 410 2211; x_wconf 82' lang='lat' dir='ltr'><em>Nornzannis,</em></span> <span class='ocrx_word' id='word_1_192' title='bbox 446 2173 471 2199; x_wconf 95' lang='lat' dir='ltr'><em>o</em></span> <span class='ocrx_word' id='word_1_193' title='bbox 502 2154 784 2200; x_wconf 82' lang='lat' dir='ltr'><em>venerabilis</em></span> <span class='ocrx_word' id='word_1_194' title='bbox 821 2154 955 2212; x_wconf 82' lang='lat' dir='ltr'><em>lzera,</em></span> <span class='ocrx_word' id='word_1_195' title='bbox 996 2172 1090 2200; x_wconf 90' lang='lat' dir='ltr'><em>non</em></span> <span class='ocrx_word' id='word_1_196' title='bbox 1127 2154 1326 2202; x_wconf 79' lang='lat' dir='ltr'><em>videbis.</em></span> <span class='ocrx_word' id='word_1_197' title='bbox 1358 2157 1490 2203; x_wconf 84' lang='lat' dir='ltr'><em>Nam.</em></span> 
     </span>
     <span class='ocr_line' id='line_1_27' title="bbox 81 2232 1487 2300; baseline -0.003 -19"><span class='ocrx_word' id='word_1_198' title='bbox 81 2246 194 2300; x_wconf 85' lang='lat' dir='ltr'><em>post</em></span> <span class='ocrx_word' id='word_1_199' title='bbox 225 2234 396 2279; x_wconf 85' lang='lat' dir='ltr'><em>bonam</em></span> <span class='ocrx_word' id='word_1_200' title='bbox 432 2232 768 2293; x_wconf 82' lang='lat' dir='ltr'><em>confessionem</em></span> <span class='ocrx_word' id='word_1_201' title='bbox 806 2232 853 2276; x_wconf 84' lang='lat' dir='ltr'><em>in</em></span> <span class='ocrx_word' id='word_1_202' title='bbox 881 2249 1009 2296; x_wconf 86' lang='lat' dir='ltr'><em>pace</em></span> <span class='ocrx_word' id='word_1_203' title='bbox 1044 2232 1280 2295; x_wconf 79' lang='lat' dir='ltr'><em>quiesces,</em></span> <span class='ocrx_word' id='word_1_204' title='bbox 1316 2243 1360 2278; x_wconf 85' lang='lat' dir='ltr'><em>et</em></span> <span class='ocrx_word' id='word_1_205' title='bbox 1394 2251 1487 2278; x_wconf 80' lang='lat' dir='ltr'><em>non</em></span> 
     </span>
     <span class='ocr_line' id='line_1_28' title="bbox 90 2308 1492 2373; baseline -0.001 -16"><span class='ocrx_word' id='word_1_206' title='bbox 90 2313 249 2357; x_wconf 80' lang='lat' dir='ltr'><em>mariti</em></span> <span class='ocrx_word' id='word_1_207' title='bbox 275 2326 498 2355; x_wconf 77' lang='lat' dir='ltr'><em>oceasum</em></span> <span class='ocrx_word' id='word_1_208' title='bbox 512 2345 526 2364; x_wconf 95' lang='lat'><em>,</em></span> <span class='ocrx_word' id='word_1_209' title='bbox 553 2326 637 2354; x_wconf 89' lang='lat' dir='ltr'><em>nec</em></span> <span class='ocrx_word' id='word_1_210' title='bbox 662 2308 810 2373; x_wconf 88' lang='lat' dir='ltr'><em>prolis</em></span> <span class='ocrx_word' id='word_1_211' title='bbox 844 2309 1177 2367; x_wconf 71' lang='lat' dir='ltr'><em>infortunium,</em></span> <span class='ocrx_word' id='word_1_212' title='bbox 1212 2326 1298 2355; x_wconf 77' lang='lat' dir='ltr'><em>nec</em></span> <span class='ocrx_word' id='word_1_213' title='bbox 1328 2310 1492 2355; x_wconf 81' lang='lat' dir='ltr'><em>dilecti</em></span> 
     </span>
     <span class='ocr_line' id='line_1_29' title="bbox 92 2386 941 2453; baseline -0.004 -20"><span class='ocrx_word' id='word_1_214' title='bbox 92 2388 281 2453; x_wconf 76' lang='lat' dir='ltr'><em>cespitis</em></span> <span class='ocrx_word' id='word_1_215' title='bbox 305 2386 641 2431; x_wconf 82' lang='lat' dir='ltr'><em>desolationem</em></span> <span class='ocrx_word' id='word_1_216' title='bbox 667 2387 941 2450; x_wconf 83' lang='lat' dir='ltr'><em>conspicies.</em></span> 
     </span>
    </p>

    <p class='ocr_par' dir='ltr' id='par_1_3' title="bbox 156 2462 1486 2525">
     <span class='ocr_line' id='line_1_30' title="bbox 156 2462 1486 2525; baseline 0 -17"><span class='ocrx_word' id='word_1_217' title='bbox 156 2465 235 2509; x_wconf 83' lang='lat' dir='ltr'><em>His</em></span> <span class='ocrx_word' id='word_1_218' title='bbox 254 2465 407 2525; x_wconf 70' lang='lat' dir='ltr'><em>itaquo</em></span> <span class='ocrx_word' id='word_1_219' title='bbox 425 2462 481 2508; x_wconf 85' lang='lat' dir='ltr'><em>ab</em></span> <span class='ocrx_word' id='word_1_220' title='bbox 501 2462 778 2509; x_wconf 68' lang='lat' dir='ltr'><em>anachoreta</em></span> <span class='ocrx_word' id='word_1_221' title='bbox 799 2462 951 2518; x_wconf 73' lang='lat' dir='ltr'><em>dictis,</em></span> <span class='ocrx_word' id='word_1_222' title='bbox 978 2464 1132 2509; x_wconf 80' lang='lat' dir='ltr'><em>nuntii</em></span> <span class='ocrx_word' id='word_1_223' title='bbox 1157 2464 1325 2509; x_wconf 67' lang='lat' dir='ltr'><em>reversi</em></span> <span class='ocrx_word' id='word_1_224' title='bbox 1350 2476 1486 2523; x_wconf 72' lang='lat' dir='ltr'><em>sunt,</em></span> 
     </span>
    </p>
   </div>
   <div class='ocr_carea' id='block_1_3' title="bbox 98 2652 1488 2751">
    <p class='ocr_par' dir='ltr' id='par_1_4' title="bbox 98 2652 1488 2751">
     <span class='ocr_line' id='line_1_31' title="bbox 142 2652 1488 2701; baseline -0.004 -10"><span class='ocrx_word' id='word_1_225' title='bbox 142 2659 190 2701; x_wconf 73' lang='lat'><em>(1)</em></span> <span class='ocrx_word' id='word_1_226' title='bbox 217 2658 265 2691; x_wconf 82' lang='lat' dir='ltr'><em>Cc</em></span> <span class='ocrx_word' id='word_1_227' title='bbox 281 2662 354 2689; x_wconf 79' lang='lat' dir='ltr'><em>mot</em></span> <span class='ocrx_word' id='word_1_228' title='bbox 374 2654 486 2701; x_wconf 60' lang='lat' dir='ltr'><em>paruit</em></span> <span class='ocrx_word' id='word_1_229' title='bbox 506 2655 581 2688; x_wconf 49' lang='lat' dir='ltr'><em>cm:</em></span> <span class='ocrx_word' id='word_1_230' title='bbox 603 2653 765 2699; x_wconf 56' lang='grc' dir='ltr'><em>ριιηᾰῖῡγύ</em></span> <span class='ocrx_word' id='word_1_231' title='bbox 786 2654 829 2687; x_wconf 79' lang='lat' dir='ltr'><em>ici</em></span> <span class='ocrx_word' id='word_1_232' title='bbox 845 2653 932 2686; x_wconf 79' lang='lat' dir='ltr'><em>dans</em></span> <span class='ocrx_word' id='word_1_233' title='bbox 947 2652 977 2686; x_wconf 70' lang='lat' dir='ltr'><em>le</em></span> <span class='ocrx_word' id='word_1_234' title='bbox 994 2664 1071 2686; x_wconf 71' lang='lat' dir='ltr'><em>sens</em></span> <span class='ocrx_word' id='word_1_235' title='bbox 1091 2654 1135 2686; x_wconf 65' lang='grc' dir='ltr'><em>οὐ</em></span> <span class='ocrx_word' id='word_1_236' title='bbox 1157 2655 1301 2698; x_wconf 67' lang='lat' dir='ltr'><em>miguon</em></span> <span class='ocrx_word' id='word_1_237' title='bbox 1318 2652 1428 2689; x_wconf 53' lang='lat' dir='ltr'><em>l⁷n³tait</em></span> <span class='ocrx_word' id='word_1_238' title='bbox 1444 2668 1488 2689; x_wconf 75' lang='lat' dir='ltr'><em>eu</em></span> 
     </span>
     <span class='ocr_line' id='line_1_32' title="bbox 98 2714 512 2751; baseline -0.01 0"><span class='ocrx_word' id='word_1_239' title='bbox 98 2718 230 2751; x_wconf 78' lang='lat' dir='ltr'><em>Franco</em></span> <span class='ocrx_word' id='word_1_240' title='bbox 247 2729 289 2749; x_wconf 64' lang='lat'><em>2³11</em></span> <span class='ocrx_word' id='word_1_241' title='bbox 312 2724 381 2749; x_wconf 54' lang='lat' dir='ltr'><em>xvv*</em></span> <span class='ocrx_word' id='word_1_242' title='bbox 399 2714 512 2749; x_wconf 55' lang='lat' dir='ltr'><em>simle.</em></span> 
     </span>
    </p>
   </div>
   <div class='ocr_carea' id='block_1_4' title="bbox 193 2772 1297 2822">
    <p class='ocr_par' dir='ltr' id='par_1_5' title="bbox 193 2772 1297 2822">
     <span class='ocr_line' id='line_1_33' title="bbox 193 2772 1297 2822; baseline -0.005 0"><span class='ocrx_word' id='word_1_243' title='bbox 193 2794 242 2822; x_wconf 89' lang='lat'><em>11.</em></span> <span class='ocrx_word' id='word_1_244' title='bbox 1241 2772 1297 2816; x_wconf 83' lang='lat'><em>25</em></span> 
     </span>
    </p>
   </div>
  </div>
 </body>
</html>
