1951 3194
143 254 277 302 [1067]
625 248 779 287 LIBER
810 247 1067 296 QUARTUS.
1480 249 1551 284 171

140 327 563 392 metropolitanum
587 327 798 390 regimen
824 325 1018 372 fortiter
1038 335 1085 372 et
1102 323 1358 389 diligenter
1381 324 1522 387 gessit
1539 360 1554 382 ‚

138 405 438 469 multumque
461 413 628 451 contra
668 402 931 467 impudicos
968 401 1272 467 presbyteros
1295 418 1386 465 pro
1419 400 1556 448 aufe-

137 481 294 528 rendis
319 479 565 545 pellicibus
600 479 833 528 laboravit
842 499 855 536 ;
882 498 904 525 a
929 478 1123 543 quibus,
1149 478 1264 525 dum
1293 478 1341 524 in
1369 476 1555 542 synodo

136 557 426 607 concubinas
459 559 523 606 eis
547 557 634 604 sub
657 557 955 604 anathemate
979 555 1282 620 prohiberet,
1322 554 1555 620 lapidibus

134 655 380 702 percussus
404 637 610 701 aufugit,
636 635 917 699 fugiensque
949 633 1007 680 de
1033 634 1251 681 ecclesia:
1282 637 1448 692 Deus,
1470 651 1553 680 ve-

132 727 306 763 nerunt
332 725 492 778 gentes
517 717 566 759 in
592 712 918 760 haereditatem
944 723 1076 758 tuam
1099 712 1204 775 (1),
1231 711 1424 759 fortiter
1458 711 1554 757 cla—

133 795 279 841 mavit
298 794 391 857 (2).

198 874 252 919 In
283 871 391 918 loco
425 873 522 933 ejus
551 868 752 916 Michael
770 905 783 926 ,
815 869 1010 916 natione
1038 869 1255 926 Italicus,
1282 869 1552 917 eruditione

132 952 398 998 litterarum
425 948 659 1005 imbutus,
697 947 857 995 studio
880 947 1127 1013 religionis
1149 948 1470 1005 venerandus,
1493 948 1550 994 ad

132 1029 321 1075 culmen
356 1026 714 1073 Abrincatensis
744 1026 1040 1090 episcopatus
1068 1026 1299 1074 electione
1340 1026 1548 1089 legitima

131 1116 200 1151 est
239 1114 506 1169 promotus.
551 1103 644 1163 Qui
682 1103 786 1167 plus
825 1120 967 1168 quam
1015 1120 1079 1149 xx
1121 1104 1258 1150 annis
1302 1102 1549 1149 laudabilis

131 1193 291 1245 pastor
310 1180 494 1237 floruit,
512 1190 559 1227 et
581 1179 812 1226 Rodberti
832 1180 963 1227 ducis
980 1192 1196 1244 tempore
1219 1179 1383 1226 beatus
1407 1197 1547 1227 senex

129 1258 267 1304 obiit.
297 1259 405 1319 Quo
424 1257 653 1305 defuncto
675 1259 905 1322 Turgisus
931 1259 1150 1305 successit
1166 1294 1178 1314 ‚
1202 1260 1395 1322 jamque
1416 1276 1547 1322 prae-

130 1335 333 1381 sulatum
357 1334 508 1381 ferme
531 1351 630 1380 xxx
655 1335 790 1380 annis
812 1335 969 1382 tenuit
990 1336 1084 1399 (5).

194 1413 274 1457 Ill.
289 1413 471 1457 Interea
486 1411 815 1459 Normannico
826 1411 950 1458 fastu
962 1412 1102 1477 Angli
1119 1413 1480 1477 opprimuntur,
1500 1423 1547 1460 et

127 1488 406 1554 praesidibus
433 1488 676 1554 superbis,
703 1490 785 1554 qui
818 1495 939 1554 regis
973 1491 1187 1537 monitus
1223 1489 1512 1554 spernebant
1529 1526 1541 1546 ,

128 1568 382 1615 admodum
411 1567 779 1632 injuriabantur.
808 1569 1023 1616 Praefecti
1052 1570 1290 1626 minores,
1317 1569 1400 1633 qui
1430 1586 1544 1614 mu-

128 1647 334 1693 nitiones
352 1645 708 1704 custodiebant,
735 1645 920 1695 nobiles
948 1659 995 1695 et
1016 1647 1277 1695 mediocres
1303 1647 1544 1711 indigenas

129 1718 312 1787 injustis
347 1723 672 1771 exactionibus
704 1725 962 1790 multisque
986 1726 1289 1773 contumeliis
1320 1742 1544 1790 aggrava-

128 1798 261 1846 bant.
289 1800 391 1847 Odo
415 1802 646 1848 nimirum
677 1803 923 1867 episcopus
955 1814 1002 1850 et
1024 1803 1309 1850 Guillelmus
1340 1802 1541 1850 Osberni

130 1875 269 1929 filius,
282 1878 401 1940 regis
414 1879 592 1936 vicarii,
608 1880 753 1926 nimia
769 1881 1093 1928 cervicositate
1113 1881 1377 1937 tumebant,
1395 1891 1442 1928 et
1459 1881 1543 1927 cla-

129 1970 285 2000 mores
310 1954 576 2018 Anglorum
605 1958 956 2005 rationabiliter
983 1959 1170 2016 audire,
1204 1960 1363 2024 eisque
1388 1963 1542 2024 aequi-

131 2032 237 2077 tatis
275 2032 406 2079 lance
450 2033 689 2097 suffragari
739 2036 1076 2100 despiciebant.
1119 2038 1239 2084 Nam
1284 2039 1541 2102 armigeros

129 2126 235 2155 suos
274 2109 546 2157 immodicas
578 2112 759 2174 praedas
798 2123 845 2160 et
882 2115 1084 2162 incestos
1118 2126 1279 2180 raptus
1316 2115 1539 2163 facientes

132 2337 213 2363 tres.
234 2331 280 2364 Lc
299 2339 416 2366 comte
435 2333 551 2369 Raoul
565 2334 653 2379 joua
673 2348 721 2370 un
743 2338 860 2384 grand
878 2339 954 2374 role
972 2343 991 2374 a
1014 2340 1047 2375 la
1066 2354 1155 2376 cour
1171 2342 1217 2377 de
1235 2355 1300 2377 son
1325 2344 1421 2378 frere
1441 2350 1478 2377 et
1494 2344 1539 2378 dc

127 2400 191 2421 son
211 2401 337 2423 neven.
360 2390 461 2425 Nous
486 2405 597 2427 avons
623 2393 668 2429 de
692 2395 742 2429 lui
769 2409 841 2431 une
866 2398 992 2433 charte
1018 2412 1063 2434 en
1090 2401 1213 2435 favour
1237 2401 1282 2435 de
1307 2402 1467 2448 Fabbaye
1494 2403 1538 2436 de

126 2448 361 2483 Saint-Ouen
381 2449 425 2483 de
442 2450 591 2496 Rouen,
610 2465 693 2488 sous
709 2454 741 2489 la
760 2456 842 2491 date
862 2458 907 2492 (lc
931 2471 987 2493 101
1001 2474 1027 2493 1.

171 2510 221 2553 (1)
247 2508 379 2542 psalm.
402 2522 541 2545 Lxxvni.
566 2526 594 2546 1.

169 2568 219 2612 (2)
245 2568 346 2601 Nous
361 2575 615 2605 retrouvcrons
631 2573 834 2609 ci-dcssous
849 2576 899 2610 les
918 2584 1012 2612 actes
1031 2578 1080 2612 (lu
1095 2580 1231 2615 concile
1249 2582 1311 2627 qni
1331 2580 1450 2616 donna
1465 2582 1534 2617 lien

124 2626 141 2658 ἐι
162 2632 255 2660 cette
276 2628 436 2670 (inienio,
456 2635 491 2661 et
512 2630 574 2675 qui
596 2633 802 2677 appartient
820 2636 837 2667 ἐι
858 2635 997 2671 Faunei}
1022 2650 1117 2685 1072.

172 2683 220 2728 (3)
250 2686 379 2720 Miclwl
406 2689 455 2725 1¹¹¹,
487 2688 621 2735 cvf‘qnc
640 2690 883 2727 ‹l’Avmm-hes
903 2696 1119 2743 (1067-1004
1134 2703 1166 2742 );Ἰ
1189 2699 1340 2743 Tuscis,
1369 2712 1432 2735 son
1453 2714 1514 2735 suc

126 2757 153 2775 (ί
168 2758 265 2779 sset-tn·
282 2748 430 2792 (105)stss
446 2749 522 2791 jam
536 2751 584 2783 ivi·
612 2750 720 2796 1138).
