1951 3194
429 275 506 313 270
793 270 1037 308 HISTORIA
1068 268 1471 309 ECCLESIASTICA.
1626 270 1840 321 [699-714]

492 352 671 415 Adepta
699 348 888 396 tandem
905 366 929 394 a
952 347 1219 395 senioribus
1243 347 1456 404 licentia,
1484 367 1506 394 a
1528 350 1734 414 quodam
1755 366 1843 396 no-

427 430 555 475 mine
576 426 815 473 Tatuvino
834 424 891 471 ad
913 423 1133 481 insulam,
1159 441 1267 489 quae
1289 423 1465 470 dicitur
1481 425 1720 472 Crouland
1744 426 1836 488 (1),

426 504 644 569 scaphula
685 502 913 549 adductus
949 512 1018 549 est
1054 501 1323 566 piscatoria.
1359 502 1444 547 Est
1478 503 1527 548 in
1561 502 1841 550 mediterra-

425 584 526 630 neis
543 582 728 647 Angliae
751 579 964 645 partibus
991 580 1233 627 immensae
1250 580 1591 645 magnitudinis
1614 582 1840 629 acerrima

424 662 576 725 palm,
603 677 711 725 quae
737 678 761 706 a
785 660 989 706 Grontae
1012 658 1225 706 fluminis
1250 660 1322 723 (2)
1351 660 1467 723 ripis
1492 660 1683 723 incipit3
1711 677 1840 706 nunc

424 739 598 803 stagnis
620 774 633 796 ,
671 755 801 784 nunc
832 737 1008 784 flactris
1028 773 1041 794 ,
1081 737 1321 785 interdum
1359 738 1508 802 nigris
1538 737 1754 783 laticibus
1794 749 1841 784 et

425 817 604 865 crebris
637 816 899 863 insularum
938 816 1215 864 nemoribus
1249 826 1296 863 et
1332 816 1551 863 flexuosis
1582 816 1839 880 rivigarum

424 895 715 943 anfractibus
732 894 791 941 ab
810 905 971 942 austro
997 896 1045 940 in
1066 894 1340 958 aquilonem
1363 896 1483 940 mari
1508 904 1642 940 tenus
1659 893 1841 959 longis—

423 976 544 1023 simo
563 984 718 1021 tractu
735 974 1062 1038 protenditur.
1086 973 1186 1019 Illic
1211 974 1368 1037 plures
1392 973 1656 1020 inhabitare
1682 983 1840 1020 tenta-

422 1062 613 1109 verant,
642 1051 720 1098 sed
754 1068 844 1114 pro
878 1050 1133 1114 incognitis
1162 1051 1307 1097 eremi
1334 1051 1586 1107 monstris,
1614 1061 1661 1097 et
1683 1050 1840 1096 diver-

422 1147 580 1175 sarum
641 1127 905 1175 terroribus
964 1127 1230 1174 formarum
1286 1138 1437 1174 atram
1496 1127 1838 1175 habitationem

422 1207 729 1272 reliquerant.
774 1204 1034 1251 Guthlacus
1083 1206 1240 1270 itaque
1257 1242 1269 1261 ‚
1320 1206 1493 1252 aestivis
1545 1205 1837 1270 temporibus

420 1283 657 1331 Crulanda
680 1293 1000 1348 perscrutata,
1025 1284 1194 1330 fratres
1218 1300 1326 1330 suos
1351 1294 1398 1330 et
1420 1284 1692 1347 magistros,
1719 1301 1837 1348 quos

421 1363 700 1410 insalutatos
727 1361 994 1416 dimiserat,
1022 1362 1223 1408 revisere
1251 1361 1492 1424 profectus
1519 1372 1588 1408 est
1597 1381 1611 1418 ;
1641 1363 1838 1408 iterum-

420 1458 513 1505 que
545 1450 655 1505 post
687 1450 780 1486 tres
807 1456 990 1486 menses
1022 1456 1131 1484 cum
1155 1437 1341 1487 duobus
1373 1439 1530 1503 pueris
1560 1439 1618 1485 ad
1643 1438 1837 1485 electam

420 1536 634 1566 eremum
652 1525 757 1565 νιῐιὓ
772 1518 866 1564 kal.
889 1516 1168 1581 septembris
1187 1534 1295 1563 cum
1310 1520 1408 1581 jam
1429 1517 1524 1581 ipse
1545 1534 1661 1564 xxvi
1689 1534 1838 1564 anno-

421 1613 531 1641 rum
546 1604 681 1652 esset,
700 1611 936 1659 regressus
953 1605 1038 1640 est.
1061 1595 1198 1640 Tunc
1215 1594 1263 1639 S.
1281 1593 1616 1643 Bartholomaei
1634 1593 1834 1657 apostoli

421 1673 693 1719 solemnitas
712 1670 978 1718 celebratur
990 1690 1004 1728 3
1033 1689 1178 1736 quem
1197 1673 1380 1718 socium
1396 1671 1483 1717 sibi
1510 1683 1557 1718 et
1573 1671 1835 1735 adjutorem

425 1751 474 1796 in
498 1760 689 1796 cunctas
714 1748 1014 1795 adversitates
1037 1765 1338 1812 summopere
1359 1758 1597 1812 precatur.

488 1826 772 1887 Quindecim
796 1826 932 1872 annis
955 1842 1053 1872 non
1078 1825 1222 1872 laneis
1248 1825 1319 1872 vel
1340 1825 1499 1881 lineis,
1528 1824 1606 1872 sed
1629 1825 1833 1888 pelliceis

420 1903 720 1952 solummodo
757 1902 1045 1967 tegminibus
1080 1903 1274 1949 indutus
1309 1913 1402 1958 est,
1441 1915 1487 1949 et
1517 1902 1734 1949 ordeiceo
1758 1903 1831 1966 (ὅ)

419 1998 540 2045 pane
557 1998 610 2027 ac
632 1980 866 2027 lutulenta
890 1997 1006 2044 aqua
1030 1980 1099 2044 (et
1117 1998 1173 2027 ex
1197 1980 1268 2026 his
1285 1981 1473 2044 parum)
1493 1990 1601 2044 post
1620 1979 1730 2027 solis
1751 1997 1833 2026 oc-

421 2078 580 2106 casum
602 2078 712 2106 usus
729 2069 814 2107 est.
835 2059 1103 2106 Innumeris
1128 2058 1264 2105 illum
1284 2058 1437 2106 modis
1454 2059 1593 2104 Satan
1612 2058 1829 2112 tentavit,

419 2147 466 2184 et
491 2137 678 2184 irretire
700 2136 774 2182 vel
798 2138 855 2182 de
879 2153 1039 2182 eremo
1061 2135 1292 2200 expellere
1315 2134 1564 2183 laboravit.

485 2213 739 2274 Quondam
758 2230 865 2258 cum
889 2229 974 2276 per
993 2223 1086 2259 tres
1110 2212 1206 2258 dies
1227 2213 1426 2275 incoepti
1445 2211 1600 2275 operis
1618 2211 1831 2275 despera-

420 2365 534 2399 existe
558 2363 672 2411 qu'un
699 2361 904 2396 monastere
925 2360 1148 2403 d'hommes‚
1169 2358 1289 2394 tandis
1312 2359 1394 2406 qu⁷a
1414 2359 1632 2406 Rependum
1654 2359 1680 2394 il
1696 2373 1719 2407 y
1738 2360 1831 2394 avait

418 2437 469 2458 un
489 2422 760 2457 etablissement
778 2419 956 2466 religieux
979 2432 1073 2466 pour
1099 2419 1150 2453 les
1174 2418 1268 2453 deux
1295 2430 1404 2454 sexes.
1432 2420 1484 2452 M.
1508 2419 1697 2466 Stapleton
1722 2431 1831 2466 pense

418 2496 489 2531 que
508 2483 594 2516 c'est
613 2481 777 2527 Repton‚
799 2480 1006 2514 monastere
1022 2478 1095 2513 sort
1111 2479 1240 2513 ancien
1259 2477 1347 2513 dans
1366 2479 1398 2513 le
1419 2479 1656 2525 Derbyshire.

465 2542 513 2585 (ι)
540 2538 756 2579 Crowland‚
773 2537 862 2572 dans
880 2537 912 2572 le
932 2537 1199 2571 Lincolnshire.

465 2600 515 2643 (2)
541 2599 646 2633 Cette
670 2597 800 2631 riviere
818 2603 923 2642 porte
948 2607 1079 2630 encore
1096 2595 1128 2629 le
1149 2607 1235 2628 nom
1254 2594 1298 2628 dc
1318 2595 1439 2629 Grent
1456 2607 1526 2629 aux
1543 2596 1712 2630 environs
1731 2594 1776 2629 de
1794 2606 1829 2629 sa

420 2669 566 2695 sourcc;
585 2656 674 2691 mais
690 2656 771 2702 plus
783 2655 846 2690 bas
864 2654 932 2690 elle
951 2667 968 2688 a
984 2655 1060 2701 pris
1078 2654 1207 2700 depuis
1223 2653 1256 2687 la
1269 2654 1449 2701 conquete
1466 2654 1560 2689 celui
1579 2653 1624 2688 de
1638 2654 1744 2696 Cam,
1765 2654 1827 2700 qui

419 2723 521 2750 entre
536 2716 624 2751 dans
642 2715 675 2750 la
689 2714 935 2762 composition
950 2714 995 2749 de
1010 2714 1103 2749 celui
1119 2713 1164 2748 de
1178 2713 1209 2747 la
1229 2713 1312 2747 ville
1331 2713 1375 2748 dc
1393 2713 1627 2759 Cambridge.

464 2773 512 2818 (5)
541 2776 634 2809 Liscz
658 2792 661 2808 :
688 2775 900 2809 hordeaceo.
