1951 3194
468 250 546 287 378
836 248 1076 286 HISTORIA
1105 248 1506 288 ECCLESIASTICA.
1711 252 1876 302 [1077?]

472 345 601 376 vena?
620 328 840 374 mendico
859 326 1192 373 haereditarias
1210 344 1324 391 opes
1345 327 1573 391 denegent
1584 330 1871 395 postulanti.

470 407 529 453 Si
541 417 686 471 pater
709 416 815 451 tuus
841 403 928 451 tibi
950 404 1265 469 adquieverit,
1294 415 1337 451 et
1360 405 1490 470 quod
1505 407 1702 471 petieris
1725 406 1876 453 dede-

471 484 555 539 rit,
584 482 817 530 vivacitas
843 492 926 529 tua
949 493 992 529 et
1022 481 1418 547 incomparabilis
1437 482 1656 548 probitas
1684 486 1878 547 magni-

454 560 558 625 fice
578 559 780 624 patebit.
805 559 864 605 Si
888 577 1001 606 vero
1031 561 1082 606 in
1105 577 1197 606 sua
1219 560 1494 625 pertinacia
1521 560 1801 625 perstiterit,
1835 572 1878 606 et

469 637 702 684 suadente
722 655 815 684 sua
838 638 1066 702 cupidine
1085 637 1297 684 debitum
1319 636 1407 683 tibi
1427 636 1653 684 honorem
1671 636 1879 701 denega-

471 717 584 763 verit
598 754 615 774 ,
664 715 907 763 leoninam
952 717 1300 763 animositatem
1349 716 1538 781 arripe,
1589 714 1880 761 indecentem

472 793 741 841 clientelam
779 794 965 860 abjice,
1011 806 1289 858 tuorumque
1327 796 1594 841 amicorum
1635 793 1876 850 consiliis,

469 873 1004 937 suffragi‘z'squefruere.
1026 872 1124 920 Nos
1139 873 1241 919 sine
1258 871 1404 918 dubio
1414 882 1666 937 promptos
1683 870 1879 918 habebis

471 949 542 996 ad
557 953 721 997 omnia
743 968 853 1015 quoe
877 950 1099 996 volueris.

534 1025 814 1090 Hujusmodi
835 1024 1031 1073 hortatu
1051 1024 1317 1072 Rodbertus
1343 1026 1437 1072 tiro
1457 1026 1629 1072 acriter
1651 1026 1700 1070 in
1721 1025 1787 1070 ira
1805 1024 1876 1071 vel

469 1102 725 1168 cupiditate
748 1120 968 1150 accensus
993 1113 1087 1162 est,
1106 1113 1153 1150 et
1175 1101 1397 1149 accedens
1420 1101 1478 1147 ad
1496 1111 1704 1165 patrem,
1725 1102 1790 1147 sic
1809 1102 1877 1149 lo-

469 1191 605 1228 cutus
634 1190 704 1228 est
728 1201 739 1226 ε
764 1180 1146 1238 Normanniam,
1180 1180 1370 1226 domine
1401 1180 1470 1225 mi
1494 1196 1605 1235 reoe,
1639 1179 1707 1225 da
1738 1178 1875 1236 mihi,

469 1276 616 1322 quam
630 1258 834 1315 dudum,
849 1270 1109 1323 antequam
1120 1269 1287 1305 contra
1297 1257 1567 1304 Heraldum
1585 1258 1635 1303 in
1647 1257 1879 1322 Angliam

468 1334 820 1398 transfretares,
840 1335 960 1382 mihi
974 1336 1278 1399 concessisti(
1288 1355 1301 1381 1
1312 1335 1351 1399 ).
1366 1335 1447 1380 Cui
1461 1344 1594 1399 pater
1604 1333 1850 1398 respondit
1864 1354 1874 1379 :

466 1412 795 1476 Incongruum
815 1423 884 1459 est
890 1450 907 1470 ,
915 1413 1027 1476 fili,
1054 1412 1188 1477 quod
1201 1415 1381 1477 poscis.
1406 1412 1506 1458 Per
1520 1412 1738 1458 virtutem
1759 1411 1879 1459 Nor-

467 1489 745 1535 mannieam
778 1487 966 1534 obtinui
985 1489 1237 1553 Angliam.
1273 1487 1592 1534 Hoereditario
1617 1488 1732 1552 jure
1755 1504 1879 1553 pos-

467 1566 604 1613 sideo
628 1567 1018 1624 Normanniam,
1049 1568 1300 1631 ipsamque
1335 1565 1396 1612 de
1419 1583 1567 1611 manu
1598 1582 1727 1622 mea,
1764 1565 1877 1610 dum

468 1643 725 1699 advixero,
751 1660 846 1688 non
868 1644 1080 1707 ejiciam.
1109 1642 1379 1690 Rodbertus
1408 1643 1529 1689 dixit
1559 1663 1568 1688 :
1602 1642 1740 1707 Quid
1767 1659 1877 1704 ergo

452 1717 674 1783 faciam,
700 1719 780 1765 vel
806 1719 927 1783 quid
951 1722 1064 1765 meis
1089 1718 1337 1765 clientibus
1362 1719 1567 1765 tribuam
1582 1718 1608 1764 P
1632 1720 1768 1766 Pater
1791 1736 1877 1764 au-

470 1805 568 1842 tem
595 1794 874 1858 respondit:
903 1795 1242 1844 Convenienter
1269 1794 1387 1841 mibi
1413 1798 1463 1841 in
1492 1795 1705 1842 omnibus
1735 1795 1876 1842 obse-

468 1890 628 1937 quere,
652 1884 696 1919 et
721 1872 894 1938 ubique
911 1891 1111 1932 mecum,
1137 1884 1186 1919 ut
1187 1873 1330 1934 filius
1348 1890 1453 1920 cum
1463 1883 1623 1939 patre,
1639 1874 1880 1938 sapienter

468 1949 736 1997 dominare.
763 1950 1033 1998 Rodbertus
1051 1950 1109 1997 ad
1133 1949 1233 1997 haec
1254 1971 1263 1996 :
1285 1951 1613 1998 Mercenarius
1633 1962 1739 1997 tuus
1756 1968 1876 1997 sem-

462 2047 554 2094 per
570 2047 672 2076 esse
686 2029 812 2076 nolo.
834 2028 1120 2094 Aliquando
1135 2047 1232 2075 rem
1231 2029 1541 2092 familiarem
1555 2029 1667 2075 volo
1683 2028 1872 2086 habere,

471 2119 521 2153 ut
553 2107 669 2153 milii
693 2105 1050 2171 famulantibus
1075 2107 1230 2173 digna
1254 2109 1437 2173 possim
1464 2105 1704 2172 stipendia
1738 2106 1876 2152 retri-

471 2182 628 2229 buere.
678 2183 1029 2250 Competentem
1061 2187 1221 2249 igitur,
1259 2200 1423 2248 quaeso
1433 2221 1449 2241 ,
1493 2182 1613 2228 milzi
1646 2182 1876 2229 ducatum

463 2259 652 2325 praebe,
683 2272 733 2307 ut
755 2262 880 2308 sicut
905 2273 955 2308 tu
976 2279 1122 2327 regno
1140 2258 1397 2328 praefueris
1423 2260 1640 2323 Anglice,
1670 2260 1741 2306 sic
1765 2276 1872 2323 ego,

471 2354 657 2402 semper
684 2338 773 2384 tibi
799 2338 1065 2404 subjectus,
1096 2341 1291 2405 praesim
1321 2338 1523 2384 ducatui
1542 2335 1870 2383 Normanniae.

518 2568 529 2611 (
537 2568 567 2611 ι)
593 2567 694 2602 Nous
707 2578 814 2602 avons
827 2579 874 2602 vu
891 2567 1069 2602 ci-dessus
1085 2567 1193 2614 qu’en
1208 2565 1291 2601 effet
1303 2564 1514 2601 Guiuaume
1530 2563 1623 2598 avait
1635 2561 1785 2607 designe
1801 2558 1873 2593 Ro-

475 2625 556 2659 bert
582 2638 675 2672 pour
694 2638 758 2661 son
777 2639 984 2662 successeur
1001 2626 1090 2661 dans
1113 2626 1148 2661 le
1165 2625 1285 2661 duche
1306 2625 1351 2660 de
1375 2623 1598 2660 Normandie
1614 2620 1792 2669 plusieurs
1809 2631 1873 2653 an-

476 2684 559 2717 nces
578 2692 682 2719 avant
700 2685 732 2721 la
756 2686 954 2733 conquet03
976 2686 1065 2721 mais
1089 2685 1113 2720 il
1138 2685 1267 2720 n‘avait
1280 2685 1406 2730 jamais
1428 2682 1587 2720 entendu
1607 2691 1677 2727 que
1695 2690 1733 2713 ce
1753 2677 1809 2712 sint
1827 2677 1872 2711 de

476 2753 539 2776 Son
557 2752 687 2778 vivant.
