1951 3194
125 265 236 313 [716]
615 262 769 300 LIBER
799 261 1054 310 QUARTUS.
1464 264 1543 300 27¹.)

125 359 293 406 aquam
314 342 439 387 intra
463 341 709 406 palpebras
734 344 844 389 caeci
871 342 1095 407 guttatim
1116 342 1326 387 stillavit.
1355 343 1426 388 Ad
1449 354 1548 388 tac--

128 431 229 465 tum
264 419 432 482 primae
462 429 611 483 guttae
643 420 793 467 oculis
825 421 987 467 lumen
1019 419 1261 466 redditum
1288 429 1388 477 est3
1420 421 1548 468 unde

130 496 425 542 illuminatus
452 496 787 561 paterfamilias
819 516 905 560 per
928 498 1095 544 merita
1123 498 1271 544 sancti
1296 496 1517 544 Guthlaci
1534 535 1546 556 ,

128 575 298 638 gratias
331 574 443 638 egit.
477 574 618 620 Multi
644 592 837 639 quoque
864 575 941 620 alii
969 574 1164 622 diversis
1191 575 1551 622 infirmitatibus

127 652 336 716 gravati,
368 652 537 698 auditis
564 652 841 699 rumoribus
871 653 1213 699 miraculorum
1242 652 1366 700 beati
1397 652 1552 700 Guth-

131 729 240 785 laci,
260 728 517 791 palustrem
537 728 859 786 Crulandiam,
876 727 957 774 uhi
979 740 1194 774 sanetum
1212 747 1385 793 corpus
1404 731 1556 794 quies-

129 806 211 861 cit,
233 805 423 861 adeunt,
444 808 632 870 ejusque
650 806 834 851 meritis
852 806 1102 852 sanitatem
1122 806 1356 870 integram
1375 806 1553 871 adepti,

131 884 228 931 Deo
252 884 424 948 gratias
447 883 682 930 referunt.

195 959 327 1007 XVI.
343 960 446 1005 Huc
464 977 612 1024 usque
628 960 794 1006 Felicis
810 961 1017 1024 episcopi
1037 961 1210 1024 scripta
1226 960 1283 1008 de
1298 960 1541 1008 venerabil

130 1037 368 1085 Guthlaco
384 1037 594 1085 breviter
614 1049 800 1086 secutus
818 1056 923 1084 sum
937 1040 956 1102 <
970 1057 977 1084 ι
991 1039 1030 1102 >,
1049 1050 1095 1086 et
1114 1038 1224 1085 huic
1243 1039 1474 1103 opusculo
1492 1039 1559 1085 in-

131 1117 252 1163 serui
272 1115 329 1162 ad
349 1116 533 1163 laudem
555 1116 638 1163 Dei
660 1127 707 1164 et
726 1115 938 1163 fidelium
959 1116 1327 1164 aedificationem
1346 1134 1556 1164 morum.

132 1195 311 1240 Caetera
351 1212 459 1260 quae
501 1204 682 1240 restant
724 1196 781 1241 (le
819 1195 1181 1242 constructione
1223 1195 1559 1242 Crulandensis

132 1273 406 1318 monasterii
431 1281 477 1318 et
499 1271 793 1319 habitatione
811 1271 1168 1320 coenobitarum
1184 1309 1196 1329 ,
1224 1290 1280 1319 ex
1303 1273 1454 1319 veraci
1478 1290 1560 1319 re-

134 1349 310 1396 latione
333 1348 532 1412 Ansgoti
564 1347 854 1412 subprioris,
883 1349 1182 1414 aliorumque
1208 1349 1452 1413 proferam
1481 1367 1560 1397 se·-

134 1426 344 1472 niorum.
393 1427 491 1473 Rex
538 1424 844 1481 Edelbaldus,
884 1436 938 1471 ut
975 1426 1167 1472 beatum
1208 1426 1560 1474 consolatorem

133 1519 270 1547 suum
294 1502 534 1548 miraculis
559 1519 806 1549 coruscare
831 1504 1089 1566 comperit,
1120 1504 1280 1550 locum
1302 1504 1560 1567 sepulturae

133 1580 228 1642 ejus
253 1578 461 1643 gaudens
492 1579 714 1643 expetiit,
746 1589 794 1624 et
824 1597 871 1625 ea
896 1597 1004 1643 quae
1032 1579 1171 1626 beato
1201 1579 1306 1627 viro
1326 1582 1424 1644 jam
1449 1597 1561 1644 reg-

133 1674 250 1702 num
267 1657 462 1722 adeptus
478 1656 738 1704 donaverat
755 1657 829 1719 (2)
846 1693 860 1714 ,
882 1656 1198 1704 servientibus
1218 1658 1258 1704 ei
1281 1658 1560 1722 perenniter

134 1736 382 1781 concessit.
403 1735 524 1781 Nam
543 1734 751 1799 quodam
774 1745 1007 1798 tempore,
1034 1734 1148 1781 dum
1176 1735 1299 1782 idem
1323 1753 1409 1781 rex
1425 1752 1558 1781 causa

134 1813 353 1859 visitandi
374 1824 633 1877 patronum
651 1831 807 1869 suum,
831 1823 1087 1876 antequam
1102 1813 1345 1877 migraret,
1362 1813 1558 1859 Crulan-

134 1889 261 1934 diam
283 1889 459 1947 adiret,
484 1900 531 1936 et
554 1890 628 1935 vir
653 1890 738 1936 Dei
763 1889 972 1953 quietam
999 1891 1295 1937 mansionem
1321 1892 1369 1936 in
1395 1891 1556 1937 eadem

139 1967 287 2012 insula
306 1966 395 2012 sibi
419 1966 477 2012 ab
499 1985 555 2014 eo
575 1965 770 2013 concedi
790 1966 1079 2030 postularet,
1100 1967 1312 2033 quinque
1336 1967 1557 2013 milliaria

136 2045 192 2090 ad
211 2045 447 2091 orientem
469 2064 479 2090 :
505 2045 551 2090 id
571 2055 639 2091 est
659 2045 715 2090 ad
734 2043 906 2091 fossam
928 2060 1037 2109 quae
1057 2043 1337 2107 Asendic(5)
1358 2044 1554 2101 dicitur,

137 2133 182 2168 et
215 2124 303 2169 tria
335 2123 392 2169 ad
418 2123 742 2180 occidentem,
773 2122 964 2187 duoque
987 2122 1044 2168 ad
1077 2123 1352 2180 meridiem,
1380 2133 1428 2170 et
1456 2123 1553 2171 duo

136 2199 192 2244 ad
211 2200 486 2264 aquilonem
509 2201 759 2257 concessit,
779 2210 826 2247 et
843 2199 901 2245 ab
921 2201 1052 2247 omni
1072 2199 1259 2247 redditu
1279 2211 1421 2265 atque
1440 2218 1555 2247 con-

137 2277 385 2324 suetudine
416 2278 628 2325 saeculari
655 2276 881 2326 omnibus
916 2278 1069 2325 modis
1103 2277 1335 2334 absolvit,
1369 2289 1415 2324 et
1446 2279 1555 2325 inde

184 2470 235 2514 (1)
260 2469 365 2504 Cette
383 2469 438 2503 vie
463 2469 507 2503 de
526 2471 620 2505 saint
642 2471 807 2506 Guthlae
825 2479 879 2505 est
904 2483 950 2505 en
968 2471 1051 2505 effet
1069 2483 1119 2505 un
1142 2471 1274 2505 extrait
1296 2472 1369 2505 tres
1387 2470 1493 2507 fidele
1511 2473 1556 2508 de

139 2529 227 2563 celle
253 2529 304 2563 du
330 2530 452 2564 moine
471 2537 508 2564 et
530 2542 604 2564 non
627 2530 672 2564 de
696 2531 858 2578 l'eveque
876 2530 999 2574 Felix,
1021 2531 1161 2565 inst-ree
1181 2542 1226 2564 en
1246 2530 1365 2564 entier
1391 2530 1480 2566 dans
1506 2532 1557 2567 les

140 2590 237 2623 Λεία
252 2590 321 2624 SS.
343 2589 484 2624 ordinis
504 2589 540 2623 S.
561 2590 772 2634 Benedicti,
794 2603 878 2624 πρε.
903 2602 953 2623 111.

184 2649 234 2693 (2)
260 2648 418 2684 Orderic
436 2660 592 2696 suppose
606 2661 678 2696 que
697 2662 737 2683 ce
754 2650 809 2683 roi
829 2649 976 2696 parvint
993 2661 1037 2683 au
1058 2648 1163 2683 trono
1185 2648 1235 2682 du
1250 2649 1369 2685 vivant
1382 2650 1433 2685 du
1448 2652 1554 2686 saint.

187 2705 236 2750 (5)
261 2708 365 2743 Cette
388 2708 480 2742 fosse
500 2708 625 2743 n'etait
650 2709 754 2755 point
774 2711 791 2743 a
812 2708 956 2744 l'oricnt
976 2709 1020 2743 de
1039 2708 1257 2753 Crowland‚
1282 2710 1369 2745 mais
1383 2724 1428 2746 au
1444 2711 1555 2754 nord,

146 2766 233 2801 dans
252 2767 283 2802 lc
303 2769 484 2814 voisinage
504 2769 548 2804 (lc
567 2769 756 2815 Spalding
