1951 3194
420 285 496 321 :208
787 278 1029 316 HISTORIA
1061 275 1465 315 ECCLESIASTICA.

486 360 707 407 Pretiosis
730 356 964 421 lapidibus
989 355 1039 401 in
1063 371 1204 402 muro
1228 354 1432 401 coelestis
1454 355 1710 402 Jerusalem
1733 354 1839 402 seli-

423 441 540 486 citer
575 436 843 491 collocatis,
871 434 1163 498 triticeisque
1199 433 1356 497 granis
1394 433 1442 479 in
1478 432 1705 497 apotheca
1739 436 1839 479 veri

421 515 594 580 Joseph
631 514 885 577 diligenter
905 510 1193 567 reconditis,
1229 510 1380 556 silices
1417 510 1466 555 in
1493 511 1656 574 plateis
1681 520 1839 557 stratae

423 605 562 649 sunt,
590 602 638 640 et
666 591 809 656 paleae
836 591 885 636 in
917 588 1271 654 sterquilinium
1301 590 1554 652 projectae,
1586 599 1633 634 et
1662 590 1843 635 irreve-

422 683 585 720 renter
612 688 636 716 a
665 666 1067 734 praetereuntibus
1098 666 1390 714 conculcatae
1416 677 1544 712 sunt.
1575 666 1651 712 Sic
1681 667 1844 713 omni-

422 749 633 816 potentis
648 748 736 794 Dei
747 749 878 810 justo
895 756 1035 802 nutu,
1057 755 1311 809 postquam
1330 744 1465 791 electi
1484 743 1541 790 de
1560 743 1845 790 transitoriis

426 830 481 876 ad
512 839 689 874 aeterna
727 825 1021 890 migrarunt,
1058 821 1173 868 dum
1209 823 1351 879 Daci,
1391 832 1442 868 ut
1468 824 1567 885 jam
1594 822 1845 885 descripsi-

425 925 557 962 mus,
597 904 762 951 divino
786 913 832 949 et
860 901 1070 948 humano
1112 910 1243 948 metu
1270 909 1481 946 carentes
1510 916 1593 962 per
1625 897 1848 963 Angliam

426 985 508 1031 diu
525 979 797 1029 debacchati
818 989 949 1037 sunt,
970 978 1237 1023 innumerae
1259 987 1425 1023 contra
1445 976 1529 1022 Dei
1555 976 1705 1040 legem
1725 992 1847 1039 prae-

428 1063 737 1109 varicationes
772 1069 949 1104 temere
979 1066 1176 1119 patratae
1211 1065 1339 1101 sunt.
1379 1056 1593 1100 Humana
1627 1053 1848 1100 exercitia

430 1143 556 1205 (quae
580 1154 764 1200 semper
786 1134 842 1181 ad
865 1133 994 1180 nefas
1015 1149 1166 1197 prona
1186 1133 1350 1194 sunt),
1378 1130 1629 1177 subtractis
1654 1130 1851 1178 rectori-

428 1218 517 1263 bus
540 1232 649 1261 cum
669 1213 798 1277 virga
822 1210 1111 1274 disciplinae,
1142 1227 1227 1273 per
1255 1207 1473 1255 infandos
1501 1220 1630 1254 actus
1661 1207 1850 1254 abomi-

428 1293 605 1342 nabilia
628 1290 749 1337 facta
776 1298 904 1335 sunt.
937 1286 1273 1351 Hujuscemodi
1297 1285 1546 1333 dissolutio
1578 1285 1774 1333 clericos
1803 1295 1852 1332 et

429 1373 571 1419 laicos
596 1369 909 1424 relaxaverat,
936 1375 985 1413 et
1004 1376 1266 1429 utrumque
1289 1381 1452 1411 sexum
1472 1363 1528 1410 ad
1548 1380 1743 1410 omnem
1763 1361 1853 1408 las-

431 1451 600 1497 civiam
631 1446 957 1494 inclinaverat.
996 1442 1302 1490 Abundantia
1334 1441 1428 1489 cibi
1459 1452 1506 1489 et
1533 1452 1675 1507 potus
1710 1440 1853 1487 luxu·-

429 1529 550 1576 riem
572 1523 842 1580 nutriebat,
870 1524 1034 1570 levitas
1056 1532 1103 1570 et
1126 1521 1350 1569 mollities
1371 1521 1524 1586 gentis
1550 1521 1597 1567 in
1617 1519 1854 1585 flagitium

432 1620 720 1672 quemquam
755 1601 891 1648 facile
926 1598 1217 1664 impellebat.
1260 1599 1522 1646 Destructis
1555 1597 1854 1645 monasteriis

432 1682 692 1732 monastica
727 1679 895 1744 religio
934 1677 1177 1725 debilitata
1217 1688 1310 1736 est,
1351 1686 1397 1723 et
1430 1676 1686 1723 canonicus
1722 1674 1855 1739 rigor

431 1778 581 1826 usque
610 1758 667 1805 ad
695 1757 1086 1804 Normannorum
1121 1765 1337 1819 tempora
1362 1764 1604 1818 reparatus
1633 1770 1734 1800 non
1765 1763 1851 1800 est.

432 1843 521 1887 Per
557 1840 757 1902 longum
792 1837 951 1900 itaque
994 1845 1126 1881 retro
1174 1844 1359 1898 tempus
1399 1833 1856 1879 Transmarinorum

434 1915 744 1964 monachatus
773 1911 1034 1967 deciderat,
1072 1921 1119 1958 et
1151 1928 1319 1974 parum
1350 1928 1374 1956 a
1401 1909 1711 1956 saecularitate
1742 1925 1856 1955 con-

434 1995 638 2043 versatio
667 1990 1015 2039 monachorum
1041 1988 1307 2036 differebat.
1343 1988 1521 2034 Habitu
1546 1986 1774 2035 fallebant
1805 2003 1858 2032 ac

433 2072 742 2139 professionis
766 2069 1025 2123 vocabulo,
1050 2067 1193 2114 dediti
1219 2085 1397 2132 ganeae,
1421 2066 1616 2130 peculiis
1643 2066 1858 2111 innume-

436 2155 519 2209 ris,
543 2151 779 2213 foedisque
796 2145 1286 2212 praevaricationibus.
1308 2146 1395 2191 Hic
1414 2145 1572 2209 itaque
1589 2142 1707 2191 ordo
1725 2141 1858 2188 Guil-

438 2230 565 2277 lelmi
592 2227 712 2291 regis
743 2225 974 2271 instinctu
1003 2224 1060 2270 ad
1091 2223 1307 2269 instituta
1333 2221 1564 2285 regularia
1589 2219 1858 2284 corrigeba-

440 2321 537 2366 tur,
579 2325 631 2353 ac
668 2305 725 2351 ad
761 2302 1127 2351 consuetudines
1162 2300 1399 2348 beatificas
1436 2299 1692 2364 perductus
1727 2296 1859 2343 valde

438 2383 784 2433 honorabatur.
805 2380 1051 2443 Aliquanti
1071 2377 1261 2424 abbates
1277 2395 1300 2422 a
1317 2394 1426 2441 rege
1445 2376 1633 2423 noviter
1650 2374 1858 2422 ordinati

438 2474 573 2518 sunt,
601 2472 648 2508 et
671 2458 940 2521 complures
971 2453 1231 2502 coenobitae
1264 2455 1311 2500 in
1342 2453 1639 2501 monasteriis
1669 2451 1858 2499 Gallicis

441 2546 770 2603 competenter
790 2533 944 2580 edocti
968 2542 1097 2577 sunt.
1127 2531 1219 2592 Qui
1244 2531 1374 2595 regio
1392 2532 1524 2594 jussu
1547 2528 1709 2592 Anglis
1735 2544 1859 2590 prae-

443 2738 578 2782 abbaye
605 2749 649 2770 en
670 2747 755 2782 7⁰93
772 2732 939 2767 Aldelme
958 2742 1005 2765 ou
1023 2729 1236 2771 Aldhelme,
1258 2728 1409 2763 (l'almrd
1435 2728 1543 2770 abbe,
1563 2726 1619 2760 fut
1637 2725 1772 2772 e'chue
1796 2725 1859 2760 des

445 2798 579 2830 Samus
598 2793 838 2827 oecideniaux
857 2802 934 2824 vers
952 2789 983 2822 la
1004 2789 1121 2824 menie
1140 2790 1293 2834 ‹ipoquu
