1951 3194
129 279 341 330 {boo-841]
623 280 774 320 LIBER
804 281 1039 321 TERTIUS.
1524 286 1546 323 ἡ

131 361 451 425 Rotomagum
467 360 780 420 devastarent,
796 363 961 426 jacuit.
978 363 1032 409 In
1047 360 1211 409 diebus
1228 363 1414 427 praefati
1434 381 1548 430 pon-

131 438 271 484 tificis
286 474 298 495 ,
341 448 530 485 sanctus
566 440 944 504 Wandregisilus
991 440 1155 505 ingens
1201 441 1551 490 monachorum

132 534 297 581 agmen
320 517 605 564 Fontinellae
625 518 847 564 adunavit
861 554 874 576 ‚
895 528 942 565 et
964 517 1128 564 beatus
1147 517 1437 567 Philihertus
1456 521 1552 568 for-

133 596 192 640 tis
207 594 403 659 signifer
419 595 614 659 insignis
629 595 740 641 aciei
757 596 881 660 apud
896 596 1244 642 Gemmeticum
1259 597 1452 644 emicuit
1467 598 1552 661 (1).

134 673 423 719 Praecedenti
451 689 640 737 quoque
666 683 882 736 tempore
905 693 915 718 ε
943 672 1033 719 hoc
1057 683 1126 720 est
1147 673 1261 720 dum
1286 675 1555 739 Hilpericus

134 761 184 797 et
219 749 550 797 Childebertus
589 768 733 814 nepos
775 752 872 814 ejus
910 752 1101 797 Francis
1143 752 1470 816 imperabant,
1510 766 1557 802 et

136 827 277 892 regali
319 827 602 874 auctoritate
642 827 851 874 insontes
888 846 910 873 a
948 829 1179 891 perversis
1218 829 1527 877 defensabant
1542 868 1554 889 ,

136 903 400 967 Bajocensis
420 902 651 949 Ebrulfus
672 904 721 950 in
741 904 954 951 Uticensi
973 904 1111 961 saltu,
1131 905 1336 969 angelica
1360 907 1562 954 demon-

138 982 368 1027 stratione
388 981 574 1037 doctus,
598 982 941 1029 monasterium
963 982 1242 1029 instauravit
1259 1019 1270 1039 ,
1293 995 1339 1030 et
1358 996 1562 1049 agrestes

140 1058 343 1112 incolas,
371 1058 451 1123 qui
490 1058 668 1122 rapinis
703 1069 750 1105 et
781 1058 1044 1105 latrociniis
1075 1069 1185 1106 ante
1215 1060 1559 1118 deservierant,

140 1135 379 1192 correxit,
414 1146 461 1182 et
491 1135 726 1182 doctrinae
761 1135 937 1200 pabulo
969 1155 1021 1183 ac
1053 1138 1396 1185 miraculorum
1430 1139 1567 1187 exhi-

142 1212 326 1261 bitione
351 1212 407 1259 ad
431 1213 643 1259 melioris
666 1213 777 1260 vitae
802 1215 924 1259 viam
950 1216 1228 1278 provocavit
1254 1216 1347 1279 (2).
1376 1217 1453 1263 Sic
1478 1218 1569 1265 Do-

144 1291 305 1336 minus
330 1290 431 1336 aliis
455 1291 596 1337 etiam
620 1290 667 1336 in
696 1291 811 1338 locis
840 1309 925 1355 per
949 1292 1104 1340 bonos
1135 1294 1360 1358 agricolas
1385 1295 1570 1342 vineam

146 1387 278 1414 suam
305 1370 604 1433 propagavit,
626 1380 673 1416 et
695 1369 857 1416 salutis
879 1387 974 1416 suae
997 1370 1300 1418 dulcedinem
1320 1373 1571 1420 Gallorum

147 1445 372 1493 cordibus
398 1446 608 1493 ubertim
636 1446 830 1492 infudit.

212 1525 470 1587 Postquam
495 1542 695 1588 regnum
722 1525 1018 1571 Francorum
1035 1561 1048 1581 ,
1076 1525 1264 1573 favente
1292 1527 1415 1584 Deo,
1441 1528 1574 1575 valde

147 1618 287 1665 super
311 1600 487 1645 vicinas
511 1611 673 1665 gentes
698 1600 1009 1647 sublimatum
1033 1613 1128 1660 est,
1161 1613 1209 1648 et
1240 1603 1574 1667 frequentibus

151 1677 403 1741 triumphis
428 1696 594 1743 regum
613 1695 811 1725 suorum
829 1679 1016 1744 Pippini
1031 1715 1044 1736 ‚
1067 1679 1320 1745 Carolique
1345 1682 1503 1746 Magni
1528 1693 1575 1729 et

150 1756 375 1802 Ludovici
403 1757 472 1802 Pii
498 1756 744 1803 dilatatum
770 1768 863 1813 est,
898 1758 1043 1803 nimia
1070 1759 1301 1822 cupiditas
1329 1770 1375 1805 et
1405 1777 1575 1824 super-

151 1833 224 1880 bia
253 1845 393 1899 atque
425 1834 572 1881 libido
605 1837 673 1897 (ὅ)
702 1853 921 1899 proceres
954 1846 1001 1881 et
1033 1836 1320 1894 mediocres,
1355 1836 1575 1884 infimos-

198 2009 247 2053 (ι)
273 2008 375 2043 Saint
392 2007 520 2051 Ouen,
542 2008 606 2055 qui
626 2008 718 2042 n'est
740 2019 799 2053 pas
819 2014 915 2041 niort
934 2019 979 2040 en
993 2006 1081 2054 678,
1104 2007 1195 2040 mais
1213 2019 1258 2040 en
1275 2006 1356 2049 685,
1378 2019 1424 2041 ne
1437 2009 1575 2043 saurait

151 2069 229 2103 etre
249 2067 402 2114 regarde
430 2079 572 2101 comme
591 2067 624 2101 le
643 2066 817 2101 veritable
838 2066 1033 2101 sondateur
1059 2067 1109 2100 du
1128 2068 1334 2101 monasti-re
1354 2067 1399 2101 de
1423 2068 1574 2103 fcmmes

151 2126 198 2161 de
222 2127 378 2172 Fecamp
391 2153 399 2169 ‚
421 2125 592 2167 institue,
614 2137 659 2159 en
674 2124 742 2160 658
756 2153 764 2166 ,
787 2138 852 2171 par
871 2126 966 2159 saint
984 2126 1170 2171 VVaninge
1186 2137 1250 2159 son
1274 2127 1570 2172 contemporain‚

152 2197 284 2219 encore
303 2184 422 2219 moins
441 2184 486 2218 de
505 2183 598 2218 celui
619 2183 664 2217 de
684 2184 936 2218 Saint-Pierre
964 2183 1009 2217 de
1038 2184 1187 2227 Rouen,
1216 2185 1280 2231 qui
1307 2184 1382 2231 prit
1400 2196 1465 2219 son
1485 2198 1570 2220 noni

153 2247 258 2292 apres
287 2258 358 2293 que
388 2257 443 2279 ses
470 2244 629 2291 reliques
652 2257 675 2291 y
693 2251 824 2279 eurent
844 2246 901 2279 ete
921 2244 1113 2291 deposees‚
1146 2245 1236 2279 mais
1254 2244 1318 2292 qui
1340 2252 1507 2280 remonte
1527 2258 1571 2279 au

153 2307 272 2341 moins
298 2305 470 2353 jusqu'au
501 2305 613 2351 regne
642 2304 687 2339 de
717 2305 880 2340 Clotaire
906 2305 963 2338 Ier.
997 2306 1044 2339 La
1070 2304 1261 2339 fondation
1287 2304 1332 2339 de
1360 2305 1573 2340 Fontenelle

154 2364 412 2410 (aujourd'hui
431 2363 782 2408 Saint-VVandrille)
795 2391 803 2407 ,
822 2370 885 2397 eut
903 2363 974 2397 lieu
994 2376 1039 2397 en
1057 2363 1138 2406 648,
1160 2370 1196 2397 et
1214 2362 1303 2397 celle
1321 2363 1367 2397 de
1384 2364 1571 2410 Jumieges

154 2436 199 2457 en
216 2423 297 2465 654.
317 2424 368 2457 Ce
386 2435 431 2457 ne
449 2429 529 2457 sont
549 2423 654 2469 point
679 2422 762 2465 165,
784 2423 873 2457 mais
892 2422 955 2458 158
973 2435 1036 2457 ans
1055 2423 1119 2470 qui
1140 2422 1379 2457 s⁷ecoulerent
1399 2430 1503 2458 entre
1522 2423 1572 2458 les

155 2482 364 2518 sunerailles
384 2483 428 2517 de
448 2484 542 2517 saint
561 2483 671 2518 Ouen
692 2490 729 2518 et
747 2483 935 2517 l'invasion
956 2482 1001 2517 de
1019 2495 1084 2517 son
1104 2483 1309 2517 monastere
1324 2495 1390 2529 par
1410 2482 1458 2517 les
1476 2483 1573 2518 Nor-

156 2542 284 2576 mands
301 2554 345 2575 cn
364 2542 445 2584 841.

202 2603 251 2650 (2)
271 2602 372 2637 Saint
394 2593 555 2643 Evroult,
569 2602 767 2648 originaire
783 2602 827 2636 dc
847 2602 1002 2648 Baveux,
1014 2602 1092 2636 vint
1106 2614 1188 2635 avec
1202 2602 1292 2635 trois
1307 2613 1568 2649 coinpagnonS‚

156 2664 220 2698 des
238 2662 323 2704 560,
343 2661 502 2695 s’etablir
521 2660 610 2694 dans
624 2661 673 2695 les
691 2668 805 2695 vastes
824 2661 1000 2695 solitudes
1016 2662 1061 2695 de
1079 2661 1111 2695 la
1131 2661 1226 2695 soret
1243 2660 1425 2697 d’Ouehe.

204 2721 254 2767 (3)
276 2723 323 2756 Le
342 2720 590 2755 relacheinent
610 2718 672 2753 des
700 2731 836 2753 moeurs
855 2727 892 2753 rt
909 2720 1249 2765 particulierement
1267 2719 1311 2754 de
1330 2719 1360 2754 la
1384 2721 1577 2768 discipline

157 2781 429 2827 ecclesiastique
455 2786 620 2814 remonte
640 2779 723 2813 bien
747 2779 828 2825 plus
853 2779 944 2813 haut
967 2792 1038 2826 que
1058 2786 1163 2814 notre
1183 2786 1315 2814 auteur
1335 2793 1380 2815 ne
1401 2781 1577 2829 Pindique

256 2858 306 2886 11.
1353 2841 1382 2871 *
