1951 3194
156 272 425 323 [1061-1063]
649 271 802 310 LIBER
831 272 1064 311 TERTIUS.
1514 275 1566 314 85

154 350 342 416 ibique,
368 352 566 416 negotio
589 352 836 416 utriusque
859 351 1113 416 diligenter
1138 352 1382 417 indagato,
1412 371 1434 398 a
1459 372 1564 418 per—

153 429 279 475 sonis
299 428 620 476 ecclesiasticis
641 428 1134 492 definitumjudicium
1160 429 1418 476 secundum
1435 432 1564 478 ordi-

152 505 397 552 nationem
421 516 695 553 sanctorum
717 522 955 551 canonum
979 505 1305 553 indubitanter
1328 506 1562 554 subirent.

154 583 294 629 Diem
325 600 517 648 quoque
550 594 595 630 et
632 584 792 630 locum
825 583 1018 648 quando
1051 595 1098 630 et
1132 584 1215 631 ubi
1253 587 1567 633 convenirent

152 657 430 722 designavit.
457 660 520 705 At
551 658 627 705 ille
651 658 926 704 mandatum
953 658 1145 724 quidem
1171 662 1397 725 suscepit,
1434 672 1479 709 et
1509 663 1565 708 ad

154 737 332 782 curiam
368 737 625 783 Romanam
660 754 707 782 se
742 735 947 782 libenter
978 738 1159 784 iturum
1192 738 1337 795 dixit3
1369 740 1447 786 sed
1472 740 1565 786 alio

153 813 354 859 consilio
383 823 599 877 accepto,
634 812 690 858 ad
723 822 954 859 statutum
987 823 1172 878 tempus
1204 826 1251 861 et
1282 816 1440 862 locum
1475 819 1565 863 mi-

152 890 280 935 nime
311 890 518 936 accessit.
552 890 690 936 Unde
715 889 983 938 Rodbertus
1013 909 1099 955 per
1126 893 1379 957 quemdam
1407 894 1566 940 famu—

152 967 253 1013 lum
293 968 619 1024 Uticensium,
663 986 805 1033 quem
845 969 1079 1016 Ernaldus
1119 982 1308 1035 ceperat
1329 1008 1343 1029 ‚
1385 972 1564 1020 litteras

150 1045 306 1098 misit,
340 1045 388 1092 in
422 1044 594 1109 quibus
626 1063 680 1092 ex
707 1047 988 1093 auctoritate
1021 1065 1153 1112 papae
1180 1047 1449 1097 Osbernum
1481 1051 1563 1096 in-

151 1138 364 1169 vasorem
389 1122 847 1180 excommunicavit,
879 1140 1142 1188 omnesque
1169 1125 1426 1173 monachos
1453 1127 1566 1173 Uti-

153 1199 303 1245 censis
329 1197 540 1245 coenobii
565 1208 618 1244 ut
641 1216 688 1245 se
714 1210 1026 1263 sequerentur
1050 1201 1301 1265 imperiose
1325 1203 1559 1250 invitavit.

219 1276 335 1334 Quis
358 1275 535 1322 referre
569 1286 726 1338 potest
756 1287 876 1340 quot
909 1276 1299 1324 tribulationibus
1332 1279 1565 1328 Uticensis

154 1352 345 1399 ecclesia
374 1352 501 1398 intus
531 1362 576 1399 et
605 1354 808 1399 exterius
836 1363 950 1399 tunc
969 1353 1301 1418 quatiebatur?
1328 1357 1401 1402 En
1428 1358 1565 1403 Rod-

154 1429 316 1476 bertus
341 1429 547 1493 ejusdem
571 1429 799 1477 fundator
821 1440 867 1476 et
897 1441 1056 1477 rector
1079 1431 1136 1477 de
1160 1432 1264 1478 sede
1289 1450 1368 1478 sua
1396 1433 1566 1497 injuste

154 1506 366 1571 fugatus,
414 1506 672 1571 cogebatur
706 1507 860 1570 vagari
896 1524 982 1571 per
1022 1518 1239 1555 externas
1279 1509 1476 1568 domus,
1521 1523 1567 1558 et

155 1583 360 1648 ejusdem
386 1583 435 1629 in
457 1584 565 1632 loco
590 1584 800 1630 saeculari
826 1593 1059 1648 potestate
1084 1586 1304 1632 successit
1325 1587 1399 1632 vir
1418 1599 1567 1634 extra-

154 1677 268 1706 neus
284 1679 298 1717 ;
337 1661 419 1724 qui
452 1660 561 1706 licet
586 1660 731 1707 solers
755 1670 872 1707 esset
895 1678 947 1706 ac
974 1660 1218 1724 religiosus
1249 1672 1295 1708 et
1321 1662 1370 1708 in
1398 1663 1565 1712 ordine

153 1737 381 1793 fervidus,
420 1748 660 1802 suspectus
701 1749 858 1786 tamen
895 1749 941 1785 et
977 1738 1283 1787 meticulosus
1318 1758 1417 1788 non
1457 1743 1565 1789 satis

155 1817 374 1863 credebat
411 1816 642 1881 indigenis
680 1816 924 1863 fratribus.
962 1815 1099 1863 Unde
1133 1818 1326 1882 quidam
1360 1836 1418 1865 ex
1455 1820 1564 1883 ipsis

154 1893 310 1939 audita
345 1894 863 1950 excommunicatione,
900 1911 990 1957 qua
1025 1894 1246 1940 suffectus
1278 1894 1419 1941 abbas
1452 1914 1566 1959 per-

157 1987 314 2016 cussus
336 1970 518 2028 fuerat,
551 1981 597 2018 et
628 1970 817 2018 hortatu
853 1972 999 2034 patris
1028 1971 1286 2028 Rodberti‚
1318 1990 1414 2038 quo
1443 1973 1564 2020 filios

157 2065 265 2094 suos
293 2066 351 2094 ex
376 2064 607 2095 consensu
631 2065 765 2112 papae
794 2058 898 2110 post
923 2066 970 2094 se
994 2048 1156 2094 venire
1178 2050 1406 2111 jusserat,
1433 2050 1565 2098 Nor—

157 2126 395 2172 manniam
410 2125 732 2190 relinquentes
746 2124 965 2172 abbatem
984 2143 1121 2171 suum
1141 2128 1353 2173 comitati
1373 2146 1458 2174 sun
1468 2139 1501 2184 t,
1520 2140 1566 2175 et

157 2203 461 2265 apostolicam
481 2203 636 2250 sedem
658 2203 973 2266 expetierunt.
998 2207 1120 2249 Pene
1144 2220 1307 2250 omnes
1332 2204 1566 2252 discedere

158 2279 435 2336 voluerunt;
473 2279 551 2326 sed
577 2280 779 2326 infantes
816 2290 861 2325 et
898 2279 1215 2337 infirmiores,
1253 2282 1334 2344 qui
1371 2282 1563 2328 arctiori

160 2357 366 2402 custodia
404 2356 880 2422 constringebantur,
918 2357 1054 2402 inviti
1092 2369 1438 2403 remanserunt.
1473 2358 1565 2404 Alii

160 2450 272 2479 vero
295 2433 374 2497 qui
408 2432 630 2480 fortiores
656 2445 815 2491 erant,
845 2445 891 2480 et
915 2436 1142 2497 majorem
1168 2434 1409 2480 licentiam
1433 2451 1568 2480 usur-

160 2510 364 2575 pabant,
402 2520 583 2573 patrem
614 2529 750 2556 suum
780 2513 923 2557 secuti
957 2521 1126 2574 sponte
1151 2511 1426 2566 exularunt,
1453 2529 1569 2575 quo—

162 2607 269 2634 rum
304 2589 498 2634 nomina
543 2588 641 2633 haec
675 2600 784 2634 sunt
814 2610 822 2633 :
859 2587 1117 2634 Herbertus
1156 2600 1201 2633 et
1240 2587 1477 2634 Hubertus
1511 2590 1567 2637 (le

162 2665 422 2712 Mosterolo
447 2701 459 2721 ,
508 2676 554 2710 et
601 2666 903 2710 Berenoarius
955 2664 1140 2709 Ernaldi
1192 2663 1314 2709 filius
1363 2666 1568 2729 scriptor

750 2701 777 2728 r>

164 2743 430 2806 praecipuus
462 2744 552 2806 [Hi
589 2753 681 2790 tres
709 2761 732 2788 a
764 2742 963 2805 pucritia
1001 2743 1049 2787 in
1081 2740 1224 2788 domo
1258 2743 1450 2789 Domini
1490 2762 1571 2790 so—
