1951 3194
176 282 438 331 [1078-1106]
660 281 814 319 LIBER
844 281 1099 329 QUARTUS.
1514 285 1592 322 293

174 370 314 418 sunt,
344 360 524 424 positus
554 369 638 406 est.
670 359 925 405 ordinatus
950 371 1131 416 autem,
1162 360 1376 407 Divensis
1397 361 1470 424 (1)
1502 361 1591 406 ab-

174 436 313 482 batiae
339 437 512 502 (quam
536 436 798 484 Lezscelina
824 437 1059 483 comitissa
1092 437 1335 485 Guillelmi
1366 438 1593 486 Aucensis

176 516 362 561 comitis
387 531 508 562 uxor
533 516 889 576 construxerat)
916 532 1077 561 curam
1103 516 1306 580 suscepit
1324 552 1337 573 ,
1363 517 1594 582 annisque

176 608 290 637 XXXI
308 590 428 638 bene
445 592 605 637 vivens
621 601 667 637 et
681 589 854 636 docens
872 590 1054 638 utiliter
1072 593 1249 649 tenuit;
1270 602 1316 640 et
1336 611 1477 640 senex
1495 593 1596 657 ple-

175 686 357 732 nusque
381 668 566 714 dierum
591 685 783 713 cursum
806 669 1052 731 praesentis
1071 669 1181 715 vitee
1207 671 1482 734 complevit.
1500 670 1594 718 Ve-

177 744 397 792 nerabilis
422 744 670 790 Durandus
691 745 1005 790 Troarnensis
1031 744 1173 791 abbas
1210 763 1381 810 corpus
1415 749 1512 811 ejus
1545 747 1594 794 in

176 823 361 869 basilica
390 823 437 868 S.
466 823 633 869 Mariae
665 823 904 886 sepelivit,
945 832 992 869 et
1027 822 1338 870 memorabile
1369 843 1560 871 carmen
1578 861 1591 881 ‚

174 901 302 966 quod
327 917 465 963 super
484 899 708 945 laminam
727 900 951 946 mausolei
979 902 1075 964 ejus
1101 901 1397 964 sculperetur
1422 902 1592 958 edidit,

175 979 223 1025 in
259 995 355 1043 quo
391 995 547 1024 mores
584 989 631 1025 et
669 979 869 1024 virtutes
906 979 1090 1040 praefati
1128 978 1513 1026 archimandritae
1550 989 1598 1026 et

171 1056 413 1102 carismata
430 1073 538 1120 quae
559 1056 787 1102 divinitus
810 1056 983 1102 inserta
1007 1056 1072 1102 illi
1094 1056 1302 1115 fuerant,
1330 1058 1597 1105 luculenter

173 1134 238 1179 sic
260 1133 500 1197 patefecit.

357 1245 428 1280 Hic
442 1246 539 1291 jacet
556 1246 740 1281 Ainardus
757 1246 924 1281 redolens
943 1253 986 1281 ut
1001 1248 1130 1294 pistica
1149 1247 1285 1282 nardus

404 1305 598 1340 Virtutum
618 1305 743 1339 inultis
761 1306 914 1340 floribus
933 1312 969 1341 et
988 1307 1150 1348 meritis;

357 1367 384 1399 A
407 1378 480 1413 quo
500 1365 673 1399 fundatus
691 1365 792 1400 locus
808 1373 863 1400 est
880 1367 942 1400 hic
959 1373 996 1401 et.
1013 1366 1208 1401 aedilicatus

406 1425 552 1471 Ingenti
572 1424 712 1467 studio,
738 1437 802 1459 nec
822 1425 967 1460 modico
984 1426 1116 1472 pretio.

358 1483 429 1519 Vir
447 1483 518 1517 fuit
537 1483 597 1516 hie
616 1495 769 1530 magnus
786 1483 987 1530 probitate,
1011 1483 1127 1518 suavis
1142 1490 1184 1517 ut
1199 1495 1334 1530 agnus⁷

404 1542 492 1578 Vita
511 1543 747 1589 conspicuus,
765 1542 935 1589 dogmate
950 1543 1174 1590 praecipuus,

360 1602 510 1638 Sobrius
528 1610 564 1637 et
581 1610 717 1645 castus,
738 1603 918 1650 prudens,
941 1602 1094 1649 simplex
1111 1609 1147 1637 et
1166 1602 1358 1644 honestus,

406 1662 549 1696 Pollens
568 1661 739 1705 consilio,
761 1662 878 1696 clarus
897 1663 934 1696 in
953 1661 1085 1696 officio.

357 1723 492 1756 Mentis
509 1722 597 1756 huic
616 1722 771 1768 gravitas
789 1729 867 1756 erat
887 1729 924 1756 et
942 1723 1122 1756 maturior
1139 1728 1238 1765 aetas,

404 1782 575 1830 Canaque
594 1782 773 1825 crescii-iffi,
797 1781 859 1816 sed
877 1782 997 1817 tenuis
1015 1781 1135 1817 facies.

359 1841 478 1883 Quem
490 1868 499 1883 ,
521 1852 634 1874 nonas
652 1840 811 1874 decimas
828 1840 957 1874 februo
972 1846 1164 1886 promente
1182 1838 1370 1880 kalendas,

406 1898 568 1932 Abstulit
587 1898 714 1933 ultima
735 1910 811 1932 sors
828 1905 863 1931 et
884 1898 1007 1944 rapuit
1025 1899 1095 1932 cita
1115 1908 1226 1931 mors.

358 1957 431 1990 Pro
446 1969 520 2003 quo
532 1985 540 2000 ‚
561 1957 625 2004 qui
644 1957 794 1999 transis,
816 1956 968 2002 supplex
986 1967 1091 1990 orare
1108 1967 1249 1990 memor
1267 1955 1333 1998 sis,

409 2015 459 2049 Ut
479 2016 523 2050 sit
542 2016 576 2050 ei
596 2016 699 2052 saties
717 2015 808 2049 alma
826 2015 894 2049 Dei
914 2015 1035 2050 facies.

236 2111 453 2157 Divensis
487 2110 678 2158 ecclesia
711 2121 897 2158 rectore
921 2111 1121 2174 proprio
1146 2102 1331 2155 viduata
1351 2145 1363 2165 ,
1391 2109 1592 2156 Fulconi

172 2188 467 2235 Uticensium
483 2189 633 2253 priori
655 2189 711 2234 ad
734 2188 995 2253 regendum
1012 2187 1116 2234 data
1136 2196 1204 2234 est
1220 2222 1233 2243 ‚
1255 2197 1302 2233 et
1317 2187 1413 2250 ipse
1427 2204 1450 2232 a
1467 2186 1591 2233 Rod-

171 2265 309 2312 berto
321 2267 570 2313 Salariensi
585 2267 825 2330 episcopo,
836 2265 976 2312 abbas
988 2275 1286 2312 consecratus
1297 2275 1378 2311 est.
1392 2263 1590 2311 Praefata

171 2343 343 2390 domus
359 2343 417 2390 ab
439 2345 540 2408 ipso
559 2355 775 2409 tempore
794 2344 1039 2391 Guillelmi
1058 2344 1179 2409 regis
1202 2354 1249 2390 et
1269 2342 1501 2390 Rodberti
1520 2361 1592 2389 se—

173 2420 315 2466 cundi
325 2420 456 2466 ducis
464 2420 681 2484 pluribus
693 2423 830 2468 annis
840 2420 1102 2486 gubernata
1115 2431 1201 2478 est,
1213 2431 1260 2467 et
1270 2418 1517 2484 magnifice
1529 2437 1593 2467 se-

173 2498 383 2545 cundum
396 2501 807 2562 opportunitatem
822 2500 1049 2563 temporis
1062 2509 1285 2563 provecta
1296 2507 1364 2544 est
1374 2497 1460 2560 (2).
1473 2497 1589 2558 Qua-

220 2666 269 2713 (1)
291 2666 360 2702 Sur
380 2673 475 2701 cette
495 2667 650 2714 abbaye,
672 2680 778 2715 voyez
799 2668 998 2709 ‹zi-(lessus,
1019 2681 1056 2714 p.
1082 2667 1134 2703 13.

217 2726 268 2769 (2)
294 2725 495 2773 Foulques,
519 2728 689 2761 consacre
707 2739 771 2773 par
785 2726 927 2761 Robert
940 2727 1075 2773 eveque
1090 2726 1135 2761 de
1152 2726 1255 2769 Sem,
1278 2727 1461 2775 indisposa
1478 2729 1590 2763 beau-

175 2795 268 2830 coup
294 2796 346 2820 ses
372 2785 602 2821 administres
630 2799 693 2832 par
714 2786 745 2821 la
766 2787 917 2822 severite
937 2798 1019 2822 avec
1037 2785 1190 2833 laquelle
1214 2785 1239 2821 il
1262 2786 1312 2820 les
1336 2788 1455 2823 traita.
1486 2790 1591 2824 Aussi
