1951 3194
596 240 748 279 LlssER
777 239 1011 278 TERTIUS.
1450 242 1525 278 150

176 326 379 371 Joannes
409 322 741 387 Wigornensis
773 340 796 367 a
831 338 982 385 puero
1012 319 1297 377 monachus,
1331 322 1526 369 natione

114 401 367 466 Anglicus‚
397 398 611 447 moribus
642 409 689 446 et
720 397 987 445 eruditione
1016 397 1336 455 venerandus,
1372 398 1419 445 in
1453 398 1526 446 his

112 498 218 546 quae
250 479 448 526 Mariani
485 479 611 525 Scoti
644 477 881 524 chronicis
919 476 1109 540 adjecit,
1149 475 1206 523 de
1240 494 1349 541 rege
1383 477 1526 524 Guil-

111 558 255 604 lelmo
268 592 280 614 ,
309 566 355 603 et
379 556 436 604 de
455 554 595 603 rebus
613 571 719 619 quae
741 552 827 599 sub
846 570 926 610 eo,
946 553 1019 600 vel
1038 551 1125 598 sub
1145 553 1254 599 filiis
1272 556 1368 618 ejus
1386 555 1526 602 Guil-

114 635 253 682 lelmo
276 633 403 681 Rufo
430 643 476 680 et
505 632 711 679 Henrico
735 648 882 695 usque
906 629 1046 677 hodie
1071 631 1403 695 contigerunt,
1432 631 1525 679 ho—

112 723 241 759 neste
272 711 582 775 deprompsit.
614 709 854 756 Marianus
875 708 1002 755 enim
1035 708 1082 753 in
1116 709 1344 756 coenobio
1372 714 1520 758 sancti

110 789 280 836 Albani
302 789 523 854 martyris
546 788 669 852 apud
688 786 980 851 Maguntiam
1006 786 1264 833 monachus
1287 788 1380 834 fuit
1395 825 1407 846 ‚
1432 789 1523 836 ihi»

110 885 203 932 que
221 868 555 914 Caesariensem
574 865 834 913 Eusebium
855 875 901 911 ct
922 865 1292 929 Hieronymum,
1313 867 1523 934 aliosque

107 944 512 1010 historiographos
542 962 631 1010 pro
665 943 861 991 modulo
897 960 982 989 suo
1008 954 1220 1003 secutus,
1257 963 1352 991 sese
1382 946 1520 993 beni-

105 1025 261 1089 gniter
300 1024 540 1080 exercuit,
585 1034 631 1070 et
675 1022 863 1069 dulcem
907 1021 1122 1068 fructum
1166 1022 1297 1088 longi
1344 1023 1483 1070 studii
1506 1062 1517 1078 ,

105 1117 483 1166 magnorumque
511 1099 731 1147 laborum
750 1135 762 1154 ‚
789 1116 910 1163 quos
939 1099 987 1145 in
1021 1098 1282 1164 longinqua
1312 1104 1521 1166 peregri·

106 1179 299 1225 natione
330 1178 560 1241 pertulit,
598 1177 706 1223 filiis
733 1177 955 1224 Ecclesiae
992 1187 1121 1222 tanta
1156 1178 1317 1224 rimari
1355 1197 1441 1242 per
1475 1198 1522 1227 se

107 1273 206 1302 non
246 1254 513 1302 valentibus
552 1254 828 1301 charitative
871 1252 1066 1302 obtulit.
1112 1253 1321 1301 Solerter
1364 1256 1522 1321 itaque
1587 1312 1597 1317 „

107 1334 411 1396 perscrutatis
437 1332 675 1380 veteribus
706 1343 751 1379 ct
774 1332 1016 1380 modernis
1042 1332 1282 1380 codicibus
1309 1334 1521 1383 chrono—

106 1410 349 1474 graphiam
373 1410 541 1467 edidit,
569 1412 619 1456 in
643 1428 736 1475 qua
759 1410 817 1476 ab
842 1411 980 1457 initio
1005 1410 1169 1457 mundi
1198 1431 1253 1458 ex
1278 1431 1375 1476 quo
1398 1416 1522 1461 Deus

106 1488 253 1534 Adam
280 1488 337 1534 de
360 1488 476 1534 limo
501 1499 641 1535 terrae
665 1488 936 1552 plasmavit,
966 1507 1051 1553 per
1071 1506 1236 1536 omnes
1260 1489 1409 1539 libros
1429 1493 1519 1539 Ve-

110 1565 218 1611 teris
240 1575 286 1611 et
308 1565 428 1611 Novi
451 1566 770 1623 Testamenti,
794 1577 840 1613 et
864 1567 1192 1613 Romanorum
1216 1566 1522 1617 Graecorum-

105 1658 197 1704 que
222 1640 439 1688 historias
463 1642 731 1689 discurrens
747 1680 758 1702 7
787 1643 968 1706 optima
993 1660 1196 1708 quaeque
1220 1644 1411 1710 collegit
1427 1683 1440 1704 ,
1473 1660 1521 1694 et

107 1720 390 1765 enumeratis
427 1720 562 1766 annis
601 1738 687 1784 per
729 1738 895 1785 regum
931 1731 978 1767 et
1016 1722 1266 1768 consulum
1304 1735 1519 1789 tempora

107 1815 252 1861 usque
279 1798 327 1843 in
352 1798 474 1844 diem
499 1799 669 1845 mortis
701 1817 796 1845 suae
828 1799 1044 1846 annalem
1079 1799 1326 1848 historiam
1356 1803 1521 1851 lauda-

107 1874 268 1921 biliter
303 1876 521 1923 distinxit
555 1878 646 1939 (1).
684 1877 837 1937 Quem
869 1888 1146 1941 prosecutus
1178 1880 1383 1928 Joannes
1420 1894 1520 1929 acta

107 1951 204 1997 fere
227 1964 418 1998 centum
441 1971 678 2000 annorum
703 1956 972 2012 contexuit,
990 1957 1219 2020 jussuque
1238 1958 1521 2007 venerabilis

109 2027 340 2074 Wlsstani
372 2030 613 2093 pontificis
638 2041 683 2077 et
709 2031 928 2078 monachi
960 2033 1033 2096 (2)
1061 2033 1339 2097 supradictis
1372 2035 1518 2084 chro—

115 2253 163 2274 un
181 2241 399 2277 hexametre.
419 2243 449 2276 Il
461 2256 483 2289 y
501 2256 658 2291 malique
677 2244 771 2279 donc
789 2257 834 2278 au
854 2246 972 2280 moins
985 2259 1037 2281 un
1051 2260 1142 2282 vols
1158 2249 1258 2283 Nous
1278 2263 1433 2296 pensons
1447 2266 1519 2299 quc

114 2300 146 2333 la
162 2301 319 2345 position
335 2301 451 2336 elevee
470 2302 514 2336 de
532 2304 697 2347 Patimur,
717 2310 752 2338 et
770 2304 802 2338 lc
821 2307 1000 2340 caractere
1016 2307 1252 2342 semi-officiel
1271 2309 1316 2343 de
1336 2321 1399 2343 son
1414 2312 1517 2354 rccit,

117 2360 328 2405 impriment
345 2373 416 2394 une
431 2362 564 2407 grande
580 2364 819 2398 authenticite
834 2378 903 2399 aux
915 2365 1042 2400 details
1057 2367 1416 2404 malheurcusement
1434 2378 1519 2418 trop

117 2431 185 2464 pen
204 2418 405 2453 nombreux
422 2421 511 2467 qu'il
526 2421 667 2457 som-nit
681 2435 742 2458 sur
762 2424 996 2470 l'expedition
1013 2426 1057 2460 dc
1075 2427 1299 2462 Guillaume.

162 2488 213 2530 (1)
239 2487 438 2521 Marianus
460 2489 607 2532 Scolus,
628 2493 674 2525 ne
691 2504 736 2526 en
759 2493 864 2535 1028,
885 2501 981 2529 mort
998 2507 1043 2528 en
1067 2495 1171 2539 1086,
1198 2503 1252 2530 est
1271 2504 1400 2532 auteur
1418 2499 1462 2534 de
1485 2501 1518 2535 la

116 2545 319 2592 chronique
336 2546 503 2581 intitule'e
521 2564 526 2580 z
546 2549 712 2584 Mariani
732 2551 832 2585 Scoli
855 2552 1058 2588 Clzronicon
1079 2557 1283 2589 universale
1297 2569 1319 2590 a
1338 2561 1519 2594 creatione

118 2605 257 2648 mnndi,
281 2606 383 2640 libris
400 2607 525 2647 tribus,
542 2621 608 2653 per
622 2616 749 2645 [elates
764 2624 832 2646 Sea:
849 2625 961 2658 nsque
973 2613 1026 2646 ad
1042 2627 1178 2648 annum
1199 2615 1337 2650 Christi
1352 2618 1450 2654 1085.

163 2674 211 2718 (2)
242 2674 344 2708 Saint
372 2675 541 2710 Wulsrau
559 2704 566 2717 ,
605 2678 739 2724 &voque
770 2678 814 2713 116
851 2680 1061 2716 ἮῙΟΥ66ςῐον
1092 2683 1135 2727 ,(8
1171 2686 1376 2730 septembre
1416 2688 1520 2723 1060.-

122 2733 310 2778 ffijauvicr
336 2733 446 2780 1095).
