1951 3194
602 257 754 295 LIBER
784 258 1024 306 QUINTUS.
1436 260 1513 299 465

107 341 263 395 Tesza,
286 355 407 385 uxor
426 337 645 384 Bernardi
669 338 809 393 Caeci,
834 338 964 384 dedit
988 337 1233 383 monachis
1253 338 1300 383 S.
1325 337 1514 385 Ebrulfi

102 417 292 462 Manliae
311 414 590 480 degentibus
610 415 908 461 medietatem
927 426 1066 461 terrae
1085 415 1131 460 S.
1151 415 1396 461 Columbae
1414 416 1510 479 (1):

102 504 194 539 tam
221 494 346 557 plani
373 511 514 557 quam
538 494 746 538 nemoris
761 529 774 548 ,
797 504 971 555 praeter
994 492 1089 539 duo
1110 510 1319 555 arpenna
1346 504 1509 550 terrae,

103 589 209 635 quae
244 571 373 618 dedit
406 571 604 626 eisdem,
632 569 711 615 ubi
743 582 934 633 possent
957 571 1152 616 domum
1178 570 1434 627 aedificare,
1467 583 1515 617 et

105 650 309 713 hospites
326 651 425 695 sine
441 649 630 694 alterius
647 658 797 710 parte,
819 650 852 693 si
875 648 1066 703 velient,
1096 647 1282 694 habere.
1303 649 1404 694 Hoc
1429 667 1513 694 au-

104 739 199 773 tem
221 726 360 781 fecit,
389 723 756 773 concedentibus
782 724 989 772 dominis
1014 726 1106 770 suis
1129 746 1137 770 :
1173 726 1398 773 Goisleno
1423 728 1515 773 sci-

102 804 211 849 licet
238 805 347 867 (qui
374 802 510 847 aliam
537 800 836 846 medietatem
869 810 1007 846 terrae
1039 813 1236 865 propter
1265 805 1512 866 penuriam

102 881 276 926 servitii
306 890 420 924 tunc
454 879 500 922 in
535 877 750 923 dominio
794 876 1043 940 tenebat),
1083 890 1129 924 et
1174 880 1419 927 Guaszone
1455 881 1512 928 de

99 958 293 1012 Pexei0,
323 956 405 1020 qui
434 955 641 1018 capitalis
668 955 890 1000 dominus
916 967 1032 1001 erat.
1067 957 1149 1002 His
1179 958 1407 1004 nimirum
1434 976 1514 1021 pa-

101 1035 251 1080 tronis
290 1033 509 1080 monachi
549 1032 750 1077 multam
785 1032 970 1078 diverso
1009 1044 1222 1097 tempore
1263 1040 1513 1098 pecuniam

97 1110 292 1166 dedere,
324 1119 541 1174 optantes
567 1111 612 1154 in
643 1109 849 1172 legitima
879 1127 991 1172 pace
1022 1128 1123 1157 rem
1153 1111 1508 1159 ecclesiasticam

98 1204 281 1250 augere,
306 1196 354 1232 et
378 1185 764 1232 commoditatem
787 1185 990 1249 aliquam
1016 1186 1411 1251 subsequentibus
1436 1207 1510 1235 so-

96 1265 178 1309 ciis
202 1262 466 1327 providere.
506 1264 689 1308 Primus
728 1263 882 1327 itaque
914 1264 1070 1327 Hugo,
1107 1265 1188 1328 qui
1229 1265 1425 1329 cupidus
1463 1279 1509 1314 et

94 1342 422 1404 magnanimus
448 1350 572 1394 erat,
601 1338 690 1385 hoc
716 1339 962 1403 negotium
993 1341 1041 1386 in
1069 1341 1286 1403 prioratu
1313 1360 1398 1389 suo
1428 1345 1508 1390 in—

96 1416 310 1474 choavit,
344 1427 391 1462 et
421 1416 631 1481 praefatae
656 1416 812 1461 Teszae
846 1433 875 1461 x
908 1416 1106 1473 solidos,
1140 1428 1187 1464 et
1216 1418 1369 1465 Odoni
1408 1420 1508 1467 filio

94 1495 190 1556 ejus
222 1510 373 1539 unum
406 1492 699 1548 fustaneum,
735 1502 874 1556 atque
909 1491 1166 1540 Guillelmo
1200 1511 1376 1557 genero
1409 1499 1506 1559 ejus

92 1587 123 1615 x
147 1571 319 1618 solidos
350 1570 536 1616 tribuit.
563 1569 789 1616 Goisleno
813 1570 954 1614 etiam
986 1569 1115 1615 dedit
1146 1588 1297 1617 unum
1328 1590 1505 1638 equum

92 1665 181 1711 pro
212 1659 419 1712 quatuor
446 1647 605 1703 libris,
648 1657 695 1693 et
727 1647 861 1693 uxori
899 1649 995 1710 ejus
1025 1664 1088 1692 xx
1117 1647 1320 1706 solidos,
1361 1661 1504 1715 atque

93 1726 324 1772 Guaszoni
354 1742 452 1771 xxv
477 1725 675 1780 solidos,
705 1734 750 1771 et
776 1741 1005 1771 corneum
1030 1724 1286 1789 scyphum,
1314 1729 1504 1793 ejusque

94 1802 278 1865 conjugi
297 1801 458 1846 alium.
480 1802 590 1847 Haec
606 1812 654 1846 et
674 1800 760 1845 alia
784 1801 918 1863 plura
935 1801 1189 1864 supradicti
1212 1802 1426 1849 homines
1443 1806 1501 1852 de

92 1880 283 1924 caritate
326 1878 670 1924 monachorum
715 1877 980 1923 habuerunt
1000 1897 1012 1934 ;
1055 1889 1102 1923 et
1140 1878 1320 1925 donum
1361 1899 1501 1944 super

93 1955 237 2001 altare
253 1955 443 2001 Domini
459 1964 688 2018 ponentes
702 1971 861 2000 coram
879 1954 1041 1999 multis
1061 1955 1272 2012 testibus,
1297 1957 1500 2005 firmiter

93 2034 251 2079 omnia
278 2042 627 2078 concesserunt.
657 2032 745 2077 Sed
771 2031 1076 2095 postmodum
1105 2034 1378 2082 stimulante
1399 2037 1498 2082 ini-

91 2111 295 2173 quitate,
323 2108 538 2173 pluribus
564 2108 716 2155 modis
738 2120 882 2172 rupto
907 2109 1109 2165 foedere,
1142 2112 1329 2157 mentiti
1366 2125 1494 2160 sunt.

88 2187 329 2250 Praecipue
353 2185 561 2241 Guaszo,
589 2186 670 2250 qui
694 2185 870 2232 fortior
890 2185 1112 2232 omnibus
1135 2197 1256 2243 erat,
1286 2189 1496 2255 aliosque

90 2269 125 2309 si
161 2263 430 2317 deviarent,
473 2263 709 2326 corrigere
745 2261 1004 2317 debuisset,
1041 2263 1384 2327 eleemosynam
1419 2268 1497 2312 in—

91 2341 320 2405 quietavit
337 2376 349 2395 ‚
381 2340 590 2403 praedam
615 2340 854 2403 hospitum
878 2339 1001 2403 cepit
1016 2375 1030 2395 ,
1063 2349 1109 2385 et
1138 2339 1305 2387 domos
1329 2359 1492 2389 eorum

93 2418 340 2465 subvertit.
363 2417 499 2463 Unde
523 2417 644 2463 idem
665 2417 819 2473 locus,
848 2417 967 2462 sicut
985 2417 1163 2463 dudum
1181 2418 1358 2477 fuerat,
1386 2423 1495 2467 soli-

95 2497 238 2542 tarius
258 2496 406 2541 factus
425 2506 509 2541 est.
538 2494 758 2542 Monachi
788 2495 915 2540 enim
935 2495 1014 2540 tali
1036 2496 1307 2543 necessitate
1337 2498 1494 2545 locum

97 2573 287 2618 interim
300 2570 597 2616 dimiserunt..
609 2571 842 2635 Denique,
861 2570 1328 2635 transactispluribus
1340 2577 1492 2631 annis,

140 2747 189 2788 (ι)
215 2744 546 2782 Saintc-Colonibe,
571 2744 720 2777 lmineau
743 2750 843 2776 outre
868 2743 983 2777 Manle
1001 2750 1033 2776 et
1057 2743 1162 2778 Flinss.

1244 2808 1266 2819 p-

196 2822 246 2850 11.
1244 2822 1300 2849 ΞΠ)
