1951 3194
648 269 801 309 LIBER
831 270 1083 318 QUARTUS.
1494 273 1562 308 ι,251

164 359 384 394 neranter
406 347 652 394 dedicavit.
678 348 767 407 Qui
792 366 891 395 non
912 349 1066 395 multo
1088 358 1221 412 post,
1246 364 1370 394 anno
1395 348 1572 395 scilicet

161 424 218 470 ab
244 425 567 471 incarnatione
590 425 779 471 Domini
808 435 861 471 Μο
881 435 925 471 C⁰
946 436 1025 471 xx⁰
1046 434 1093 471 v⁰
1122 424 1380 472 indictione
1407 433 1489 481 lva,
1518 435 1571 470 ut

160 500 449 548 Gislehertus
468 503 760 549 Turonensis
780 502 1159 568 archiepiscopus
1182 521 1290 549 cum
1307 502 1498 549 Callisto
1516 513 1567 549 11⁰

161 598 274 643 papa
300 581 466 627 Romae
492 579 639 636 obiit,
668 580 754 625 sub
778 581 996 628 Honorio
1017 599 1131 644 papa
1152 580 1568 645 metropolitanam

158 656 313 704 sedem
332 657 586 704 Turonicae
606 656 755 713 urbis,
775 667 932 703 sancta
951 657 1154 704 Ecclesia
1177 657 1392 721 precibus
1411 668 1457 704 et
1470 660 1569 721 jus-

157 735 216 779 sis
252 745 476 799 cogente,
513 732 745 790 ascendit,
786 732 947 798 ibique
977 732 1289 781 laudabilibus
1324 735 1487 781 studiis
1521 746 1570 782 et

157 810 337 857 actibus
362 810 513 857 adhuc
541 812 715 857 insistit
738 811 832 874 (ι).

219 888 326 934 Xll.
339 888 469 934 Sicut
480 906 606 935 mare
616 905 864 953 nunquam
875 899 922 934 tu
931 898 1033 934 tum
1044 898 1166 935 certa
1180 888 1313 936 solidi
1323 899 1412 935 tate
1421 891 1568 954 quies·

156 965 237 1022 cit,
257 964 334 1011 sed
352 965 790 1031 inquietudinejugi
808 965 1052 1012 turbatum
1073 983 1206 1014 more
1221 984 1306 1014 suo
1320 966 1503 1024 defluit,
1522 979 1567 1015 et

154 1042 366 1106 quamvis
385 1042 638 1107 aliquando
660 1043 971 1109 tranquillum
985 1043 1236 1090 obtutibus
1251 1045 1565 1108 spectantium

154 1130 395 1183 appareat,
417 1121 550 1167 solita
572 1131 729 1167 tamen
756 1121 1065 1168 fluctuatione
1082 1131 1127 1168 et
1155 1121 1458 1169 instabilitate
1484 1141 1563 1169 sua

155 1198 424 1261 navigantes
450 1199 661 1253 territat3
697 1199 761 1245 sic
789 1217 994 1263 praesens
1023 1200 1247 1246 saeculum
1270 1199 1565 1248 volubilitate

154 1291 231 1319 sua
252 1275 429 1338 jugiter
453 1286 665 1331 vexatur,
703 1276 1061 1340 innumerisque
1081 1277 1232 1323 modis
1256 1276 1467 1322 tristibus
1487 1295 1566 1323 seu

154 1352 273 1398 laetis
298 1352 538 1400 evidenter
561 1355 785 1400 variatur.
818 1356 947 1401 Inter
969 1365 1219 1419 protervos
1244 1355 1407 1401 muudi
1431 1373 1564 1401 ama-

157 1441 281 1477 tores
306 1430 496 1495 (quibus
519 1433 615 1495 ipse
640 1432 843 1478 mundus
864 1450 959 1479 non
985 1434 1170 1497 sufficit)
1194 1434 1407 1479 immanis
1425 1434 1565 1481 alter-

155 1509 276 1555 catio
286 1508 744 1573 frequenteroritur,
760 1521 806 1558 et
822 1512 869 1556 in
887 1512 1169 1558 immensum
1182 1514 1363 1559 crescit.
1377 1513 1440 1558 Et
1450 1512 1562 1558 dum

153 1587 353 1651 quisque
382 1588 598 1650 superior
630 1606 751 1645 esse,
789 1589 1110 1654 aemulumque
1149 1607 1287 1636 suum
1319 1601 1563 1653 proterere

152 1663 340 1720 nititur,
371 1665 606 1728 aequitatis
636 1666 887 1712 immemor
911 1666 1061 1730 legem
1090 1667 1171 1713 Dei
1201 1665 1561 1731 transgreditur,

151 1751 197 1786 et
218 1759 304 1804 pro
325 1742 623 1806 adipiscendo
640 1743 769 1808 quod
787 1745 1110 1809 unusquisque
1130 1743 1304 1801 ambit,
1326 1743 1558 1790 humanus

150 1836 292 1866 cruor
316 1820 570 1866 crudeliter
591 1820 868 1868 effunditur.
893 1824 993 1868 Hoc
1017 1821 1355 1870 historicorum
1375 1822 1558 1886 antiqui

151 1896 330 1943 codices
360 1899 547 1961 copiose
579 1898 825 1954 referunt,
862 1898 952 1945 hoc
982 1899 1199 1945 moderni
1237 1916 1448 1945 rumores
1478 1916 1562 1961 per

150 1975 278 2021 vicos
306 1985 353 2020 et
384 1975 555 2038 plateas
586 1975 908 2022 indesinenter
931 1986 1169 2031 asserunt,
1210 1975 1334 2022 unde
1367 1975 1558 2039 quidam

150 2051 205 2097 ad
247 2071 451 2116 praesens
484 2053 726 2109 laetantur,
761 2053 837 2098 alii
872 2052 1184 2099 nihilominus
1215 2053 1332 2099 flent
1365 2064 1411 2099 ct
1441 2070 1561 2099 con-

198 2230 247 2273 (1)
274 2229 319 2263 La
339 2230 569 2264 nomination
588 2228 718 2264 d'Hoel
733 2231 751 2263 ἐι
766 2228 922 2263 ΓένόοΙιὲ
937 2228 984 2262 du
1001 2229 1105 2263 Mans
1123 2228 1222 2262 n⁷eut
1237 2240 1298 2274 pas
1313 2228 1384 2262 lieu
1399 2240 1444 2262 cn
1464 2227 1562 2276 1075,

153 2289 241 2322 mais
259 2288 457 2323 seulement
477 2290 580 2335 apres
599 2289 633 2324 le
651 2301 695 2336 29
714 2289 908 2323 novembre
932 2289 1017 2324 1080
1032 2317 1040 2332 ,
1059 2290 1200 2336 eLpoque
1225 2288 1270 2322 sle
1288 2288 1319 2321 la
1338 2296 1436 2322 mort
1453 2288 1557 2322 ‹l’Er-

153 2347 283 2390 nauld,
313 2361 376 2382 son
403 2349 671 2395 predecesseur.
699 2348 904 2383 Lui-m'eme
929 2355 1078 2383 mourut
1103 2347 1134 2381 lo
1159 2360 1203 2394 29
1225 2348 1346 2393 juillet
1377 2359 1481 2393 1097;
1511 2347 1559 2381 les

153 2408 348 2441 historiens
368 2409 563 2442 Manceaux
583 2408 781 2442 reclament
797 2414 923 2442 contre
936 2407 986 2442 les
1004 2408 1270 2441 circonstances
1284 2417 1377 2440 assez
1393 2408 1559 2452 etranges

151 2466 213 2512 qui
233 2466 397 2499 auraient
415 2468 542 2500 aniene
556 2478 620 2501 son
637 2466 789 2500 election
801 2494 809 2508 ,
833 2466 931 2500 selon
951 2473 1056 2500 notre
1074 2472 1217 2499 auteur.
1237 2466 1269 2499 A
1295 2463 1343 2497 les
1359 2463 1534 2498 entendre
1547 2492 1555 2505 ,

153 2525 243 2559 Hoel
261 2525 380 2559 aurait
398 2525 528 2558 acheve
544 2525 576 2559 la
596 2525 804 2559 cathedrale
821 2527 1053 2559 commencee
1075 2538 1139 2571 par
1154 2524 1314 2571 Vulgrin
1332 2530 1368 2557 et
1387 2523 1532 2557 Ernaud
1547 2540 1554 2565 ;

153 2585 343 2619 Hildebert
371 2585 524 2619 n’aurait
552 2586 729 2619 construit
755 2597 827 2631 que
859 2584 891 2618 le
925 2584 1090 2630 chapitre
1122 2591 1159 2618 et
1192 2584 1223 2617 la
1255 2583 1432 2625 sacristie3
1468 2584 1557 2617 mais

151 2657 291 2679 comme
309 2652 402 2679 cette
417 2644 624 2679 cathedrale
642 2658 686 2678 ne
704 2645 757 2678 snt
776 2646 966 2678 consacree
983 2644 1090 2690 qu'en
1111 2655 1214 2685 1120,
1232 2643 1257 2677 il
1276 2656 1319 2677 ne
1334 2655 1426 2676 nous
1441 2645 1552 2689 pai-ai!

151 2716 211 2748 pas
228 2703 400 2749 probable
418 2704 527 2750 qu’on
548 2703 609 2737 eut
627 2702 775 2737 attendu
798 2703 824 2736 si
845 2702 944 2741 iai-d,
974 2703 1000 2735 si
1021 2702 1088 2735 olle
1106 2702 1196 2735 avait
1217 2703 1274 2735 cte
1293 2702 1468 2736 terminon
1494 2715 1556 2749 par

153 2764 367 2799 lloel.(Tes[
388 2764 470 2798 bien
495 2777 538 2796 οη
564 2762 645 2796 1125
668 2763 920 2809 cpuffiihlobort
945 2774 1041 2808 passa
1060 2762 1220 2808 diisiego
1244 2762 1411 2795 dilsslans
1427 2762 1553 2795 aizlui

154 2823 196 2855 de
216 2824 345 2857 'Pom-s.
