1951 3194
168 250 287 298 [CIRCA
308 249 425 297 1063]
659 246 811 284 LIBER
841 246 1075 284 TERTIUS.
1510 247 1581 284 1052

165 344 268 373 ram
286 324 593 390 optimatibus
612 326 921 373 Nol-manniae
939 347 949 372 :
965 326 1221 373 Willermo
1240 324 1440 371 Osberni
1459 324 1577 381 filio,

166 403 370 451 Ricardo
388 403 445 451 de
464 403 685 450 Abrincis
706 405 920 450 Turstini
941 404 1059 461 filio,
1083 402 1288 467 Rogerio
1309 401 1365 448 de
1389 401 1580 448 Monte-

166 481 433 538 Gomerici‚
462 492 510 528 et
534 482 695 527 multis
723 482 824 527 aliis
851 482 898 527 in
925 492 1050 528 carta
1078 481 1270 527 notatis.

230 559 494 606 Rodbertus
524 576 632 606 vero
654 559 711 606 de
730 560 892 606 Witot
911 570 1017 622 post
1042 560 1241 624 longum
1265 570 1448 622 tempus
1471 558 1577 604 duci

164 639 494 685 reconciliatus
516 648 610 692 est,
639 648 686 684 et
709 636 893 684 honore
916 655 1001 684 suo
1026 648 1304 701 recuperato
1334 636 1579 701 praefatam

165 727 341 763 terram
372 717 420 762 S.
457 714 662 761 Ebrulfo
695 715 1008 761 calumniatus
1043 726 1128 761 est.
1167 715 1256 762 Sed
1290 732 1387 762 non
1427 715 1580 762 multo

163 804 271 858 post
289 793 416 840 bello
436 793 662 858 Anglico‚
687 792 769 838 ubi
792 803 836 839 et
861 794 957 856 ipse
982 794 1029 839 in
1050 810 1175 858 genu
1194 793 1468 839 vulneratus
1488 802 1574 847 est,

162 881 380 935 peracto,
414 869 679 917 lethiferam
718 869 1050 934 aegritudinem
1089 869 1302 915 incurrit.
1338 870 1430 929 Qui
1464 869 1576 914 dum

161 958 368 994 mortem
399 945 487 992 sibi
520 947 800 1011 appropiare
831 947 1002 1004 sensit,
1030 957 1180 993 totam
1206 958 1407 1003 terram,
1435 963 1577 1010 quam

161 1024 219 1071 ab
249 1025 350 1089 ipso
379 1025 714 1071 calumniatam
743 1042 838 1072 esse
863 1026 960 1088 jam
991 1025 1219 1081 diximus,
1253 1024 1384 1071 bono
1417 1024 1577 1069 animo

160 1101 377 1149 fidelibus
402 1101 486 1148 Dei
518 1119 605 1165 pro
635 1101 963 1165 redemptione
990 1102 1162 1148 animae
1197 1119 1292 1148 suae
1323 1100 1572 1147 concessit.

159 1179 261 1224 Hoc
278 1189 437 1224 autem
457 1178 580 1241 apud
599 1178 834 1225 Doveram
852 1196 1010 1224 coram
1031 1179 1195 1225 Odone
1213 1177 1453 1241 Baj00ensi
1477 1177 1573 1240 epi-

160 1272 303 1318 scopo
323 1266 371 1301 et
391 1257 592 1319 Hugone
611 1255 668 1301 de
688 1255 1106 1302 Grentemaisnilio
1120 1291 1133 1312 ,
1156 1256 1357 1318 Hugone
1381 1271 1573 1319 quoque

159 1331 216 1378 de
231 1331 513 1379 Monteforti
533 1344 579 1379 ct
597 1333 797 1397 Hugone
814 1333 914 1380 filio
930 1332 1143 1379 Fulcoldi
1163 1369 1175 1389 ,
1195 1332 1391 1396 aliisque
1410 1332 1573 1376 multis

158 1410 338 1473 magnis
364 1419 410 1456 et
427 1410 744 1456 mediocribus
763 1411 810 1456 S.
829 1410 1032 1457 Ebrulfo
1055 1428 1329 1458 concessum
1354 1419 1439 1456 est.

222 1485 401 1533 Deinde
415 1487 523 1551 quia
540 1487 663 1534 idem
678 1488 810 1534 miles
826 1487 924 1534 fere
938 1504 997 1533 XL
1012 1498 1207 1551 nepotes
1222 1487 1407 1533 militiae
1423 1487 1573 1532 titulis

157 1563 336 1611 feroces
356 1563 548 1620 habuit,
578 1565 687 1628 ipsis
717 1565 844 1611 inter
863 1584 909 1611 se
928 1565 1230 1612 saevientibus
1257 1566 1335 1611 vix
1361 1582 1572 1629 unquam

157 1658 305 1705 usque
330 1641 376 1686 in
402 1652 686 1704 praesentem
704 1643 829 1689 diem
852 1642 1100 1690 l1aereditas
1124 1645 1220 1707 ejus
1247 1642 1293 1688 in
1320 1661 1433 1706 pace
1455 1661 1571 1707 per-

156 1736 346 1765 manere
378 1720 555 1783 potuit.
594 1720 717 1766 Nam
751 1720 1044 1767 Matthiellus
1080 1732 1126 1767 et
1162 1720 1385 1766 Ricarclus
1423 1720 1572 1766 frater

154 1798 252 1859 ejus
280 1814 332 1843 ac
364 1797 573 1862 Nigellus
606 1809 746 1863 atque
773 1799 1013 1845 Rualodus
1049 1799 1184 1845 Brito
1215 1797 1387 1862 Nigelli
1422 1816 1568 1862 gener

153 1872 346 1919 diversis
372 1874 666 1938 temporibus
696 1887 1020 1923 successerunt
1037 1911 1049 1932 ,
1080 1876 1346 1939 multasque
1370 1875 1568 1920 malitias

155 1950 432 1997 infortuniis
475 1951 815 1998 comitantibus
855 1964 1186 1999 exercuerunt.
1229 1952 1567 2016 Unusquisque

154 2045 321 2075 eorum
348 2028 591 2092 praefatam
622 2031 963 2093 possessionem
994 2031 1041 2076 S.
1074 2029 1280 2076 Ebrulfo
1313 2029 1566 2075 calumnia-

154 2116 228 2152 tus
252 2116 348 2163 est3
375 2105 454 2153 sed
473 2107 655 2170 judicio
673 2109 785 2165 Dei,
810 2109 891 2173 qui
913 2108 1171 2155 Ecclesiam
1194 2126 1326 2153 suam
1346 2116 1567 2171 potenter

153 2182 331 2248 ubique
349 2185 587 2250 protegit,
618 2187 922 2243 imminente,
947 2185 1005 2232 ab
1028 2187 1198 2250 injusta
1219 2185 1451 2231 calumnia
1473 2202 1566 2231 ccs-

154 2278 253 2307 sare
289 2273 476 2308 coactus
512 2274 597 2310 est.
638 2263 928 2311 Matthiellus
960 2264 1088 2310 enim
1124 2261 1211 2309 sub
1242 2279 1414 2326 magno
1449 2261 1566 2307 duce

153 2337 438 2396 Willermo,
484 2352 531 2387 et
566 2341 822 2399 Rffiardus,
865 2342 1038 2406 aliique
1080 2340 1441 2386 calumniatores
1477 2338 1564 2383 sub

152 2413 270 2460 duce
300 2413 563 2475 Rotberto,
597 2421 786 2483 ejusque
818 2417 1044 2463 fratribus
1066 2416 1324 2463 Willermo
1358 2413 1484 2461 Rufo
1517 2425 1564 2460 ct

153 2491 389 2546 Henrico‚
423 2492 679 2539 Ecclesiam
713 2496 795 2541 Dei
832 2495 971 2541 rebus
1010 2493 1179 2540 habitis
1216 2492 1416 2555 spoliare
1453 2509 1561 2537 cum

152 2568 314 2614 multis
339 2570 481 2615 minis
508 2572 662 2617 conati
690 2583 829 2627 sunt;
858 2572 933 2617 scd
965 2590 1072 2634 rege
1100 2587 1263 2634 regum
1287 2587 1393 2615 suos
1426 2569 1561 2631 adju-

152 2655 315 2704 vante,
350 2647 477 2710 quod
513 2648 729 2710 nequiter
767 2648 994 2711 optabant
1029 2658 1297 2710 perpetrare
1330 2647 1560 2710 nequive-

153 2733 282 2767 runt.
