1951 3194
439 244 515 284 448
804 243 1045 282 HISTORIA
1076 243 1480 284 ECCLESIASTICA.
1712 246 1849 295 [1106]

437 323 727 379 abstinebat,
756 340 951 388 suasque
975 339 1048 369 res
1073 322 1235 370 labore
1259 333 1412 386 partas
1434 324 1597 371 callide
1617 324 1845 372 servabat.

437 403 654 449 Decimas
673 411 719 447 et
736 401 987 464 primitias,
1006 401 1439 465 eleemosynasque,
1458 419 1480 446 a
1502 401 1850 464 praedecessori-

436 479 524 525 bus
545 478 671 524 datas
690 478 773 524 Dei
794 478 1046 535 ministris,
1065 478 1273 543 legitime
1291 477 1534 525 reddebat.
1559 479 1754 526 Discolis
1774 480 1848 543 (ι)

436 572 550 602 vero
574 565 621 601 et
640 555 815 619 Jocosis
837 553 1157 601 nebulonibus
1177 572 1256 602 seu
1277 555 1633 614 meretricibus,
1659 573 1759 603 non
1780 574 1850 603 so-

438 631 536 676 lum
558 631 835 677 munuscula
857 648 957 677 non
976 630 1197 696 erogabat
1211 667 1222 687 ,
1246 630 1323 677 sed
1344 649 1481 677 suum
1501 632 1643 677 etiam
1661 648 1852 679 consor-

437 709 558 753 tium
585 718 631 754 et
656 708 887 754 familiare
916 708 1209 773 colloquium
1237 707 1512 773 denegabat.
1547 709 1614 754 Ex
1642 708 1851 773 legitima

437 787 659 849 conjuge,
684 803 826 850 quam
849 784 1244 832 adolescentulam
1264 785 1649 850 desponsaverat,
1678 797 1725 833 et
1746 788 1851 834 reli-

436 864 563 926 giose
598 862 645 908 iii
679 863 810 909 omni
845 863 1071 909 modestia
1104 862 1307 910 docilem
1341 863 1638 919 instituerat,
1673 874 1851 927 septem

438 939 560 985 filios
582 950 628 985 et
651 938 763 984 duas
785 938 901 984 filias
924 937 1114 996 habuit,
1140 956 1347 1003 quorum
1372 939 1566 985 nomina
1587 937 1686 985 liaec
1707 949 1817 985 sunt
1838 959 1847 984 :

437 1017 621 1072 Petrus,
648 1016 893 1072 Radulfus,
918 1016 1176 1073 Guarinus,
1206 1016 1460 1074 Lisiardus,
1483 1016 1660 1075 Guido‚
1685 1017 1852 1064 Ansol-

438 1097 524 1140 dus
560 1105 607 1141 et
642 1096 780 1159 Hugo
800 1113 811 1149 ;
856 1094 1003 1140 Maria
1041 1105 1087 1140 et
1121 1094 1468 1141 Guindesmoth
1490 1114 1502 1151 ;
1538 1095 1594 1142 de
1643 1113 1850 1160 quorum

437 1184 608 1220 eventu
632 1172 886 1219 historialis
906 1173 1073 1237 pagina
1097 1173 1189 1218 suis
1217 1173 1264 1219 in
1289 1173 1403 1219 locis
1428 1172 1561 1237 plura
1588 1190 1851 1219 memorare

434 1251 632 1315 poterit.

501 1330 648 1376 Anno
674 1327 732 1374 ab
758 1329 1085 1377 incarnatione
1109 1330 1303 1377 Domini
1335 1341 1388 1377 M⁰
1415 1341 1457 1376 c⁰
1487 1341 1554 1378 v1⁰
1581 1332 1630 1377 in
1657 1329 1750 1376 fine
1778 1330 1852 1376 fe-

434 1407 633 1464 bruarii,
651 1408 841 1472 quando
854 1418 1054 1467 cometa,
1067 1408 1395 1472 longissimum
1411 1409 1591 1455 crinem
1608 1407 1848 1463 emittens,

378 1512 384 1516 ·
437 1486 484 1531 in
505 1485 713 1531 occiduis
733 1484 945 1549 partibus
965 1486 1180 1549 apparuit
1200 1485 1292 1549 (2),
1318 1485 1625 1531 Buamundus
1646 1483 1849 1531 famosus

435 1561 547 1620 dux,
566 1573 674 1626 post
690 1572 870 1626 captam
887 1562 1211 1621 Antiochiam,
1230 1563 1280 1608 in
1297 1562 1469 1608 Gallias
1483 1562 1632 1619 venit,
1658 1573 1704 1608 et
1725 1566 1849 1609 Con-

436 1641 654 1687 stantiam
672 1676 683 1694 ,
718 1641 841 1704 regis
867 1642 1162 1685 Francorum
1200 1640 1406 1704 Philippi
1445 1640 1612 1696 filiam,
1653 1657 1850 1687 uxorem

435 1717 593 1773 duxit,
617 1727 663 1763 et
685 1717 871 1780 nuptias
887 1715 1189 1764 honorabiles
1207 1717 1331 1780 apud
1350 1717 1630 1772 Carnotum‚
1654 1717 1849 1781 largiter

434 1795 794 1841 administrante
814 1795 1121 1841 sufficientem
1138 1804 1411 1858 apparatum
1433 1793 1575 1840 Adela
1594 1794 1845 1850 comitissa,

436 1872 690 1919 celebravit
712 1873 801 1935 (3).
827 1873 965 1918 Tunc
990 1872 1127 1918 tertia
1149 1871 1382 1935 profectio
1402 1870 1777 1918 Occidentalium
1797 1872 1846 1917 in

482 2096 531 2140 (1)
557 2094 659 2128 Nous
678 2105 835 2140 pensons
850 2106 921 2141 que
935 2106 974 2128 ce
988 2101 1082 2137 mot,
1110 2106 1204 2129 assez
1221 2094 1365 2137 obscur,
1387 2102 1441 2129 est
1456 2095 1530 2141 pris
1546 2094 1591 2129 ici
1610 2094 1699 2128 dans
1717 2094 1749 2129 le
1768 2106 1846 2128 sens

434 2153 707 2199 ‹l'indiscipline
718 2181 727 2196 ‚
749 2152 950 2200 vagabond.

479 2216 529 2260 (2)
557 2213 618 2249 On
638 2225 748 2259 pense
772 2225 843 2260 que
867 2219 961 2248 cette
986 2214 1126 2248 comete
1150 2219 1204 2248 est
1229 2213 1261 2247 la
1287 2213 1404 2248 meme
1421 2224 1491 2259 que
1508 2212 1596 2247 celle
1613 2213 1659 2246 de
1681 2211 1780 2247 1680.
1801 2213 1844 2246 La

434 2273 514 2320 plus
541 2270 677 2319 grande
702 2271 819 2318 partie
847 2271 908 2305 des
934 2283 1132 2317 personnes
1159 2272 1221 2318 qui
1249 2270 1507 2305 l'obscrverent
1529 2282 1575 2304 en
1602 2269 1787 2312 occident,
1815 2269 1846 2303 la

433 2334 553 2368 vii-ent
579 2332 709 2379 depuis
739 2331 771 2365 le
800 2344 819 2379 7
849 2331 981 2365 fevrier
1005 2331 1150 2379 jusqu⁷a
1175 2343 1248 2365 une
1271 2332 1412 2378 epoque
1437 2331 1588 2364 avancee
1613 2329 1663 2363 du
1684 2329 1775 2363 inois
1803 2328 1848 2363 dc

436 2403 542 2426 mars.
563 2390 661 2435 Quoi
678 2389 786 2437 qu’en
801 2388 878 2423 dise
891 2397 997 2424 notre
1014 2397 1156 2433 auteur,
1178 2389 1203 2423 il
1222 2389 1338 2437 parait
1356 2388 1487 2436 qu’elle
1501 2388 1557 2423 fut
1572 2388 1690 2422 moins
1706 2398 1845 2421 reinar-

435 2450 566 2499 quable
584 2462 648 2496 par
665 2449 696 2483 la
710 2449 892 2495 longueur
908 2448 953 2483 de
968 2462 1002 2483 sa
1020 2462 1138 2497 queue
1155 2461 1226 2497 que
1244 2462 1308 2496 pai·
1324 2461 1387 2484 son
1405 2448 1508 2483 eolat.

481 2510 530 2556 (5)
556 2511 603 2545 La
623 2510 720 2557 prise
747 2508 965 2544 d’Antioche
989 2510 1083 2544 avait
1103 2522 1146 2544 eu
1170 2509 1242 2544 lieu
1264 2521 1309 2543 en
1332 2509 1428 2555 1098.
1453 2508 1507 2542 En
1533 2510 1639 2549 1104,
1662 2506 1846 2541 Boemond

435 2572 554 2605 revint
576 2582 621 2604 en
639 2569 761 2611 Italic,
782 2575 818 2604 et
835 2568 880 2603 de
900 2568 932 2604 la
952 2581 1051 2616 passa
1067 2582 1113 2604 cn
1131 2570 1269 2604 Francc
1288 2570 1336 2603 ou
1358 2569 1383 2603 il
1403 2570 1537 2615 cpousa
1550 2595 1558 2609 ‚
1581 2579 1625 2600 au
1645 2566 1846 2613 printeinps

435 2632 480 2665 (le.
504 2630 610 2673 1106,
631 2631 834 2665 Constance
848 2657 857 2671 ,
886 2629 957 2664 fille
980 2630 1025 2665 de
1045 2630 1215 2677 philippe
1242 2631 1286 2665 Ier
1305 2637 1341 2664 ct
1366 2629 1411 2664 de
1434 2628 1566 2663 Berthe
1586 2627 1631 2661 de
1649 2624 1843 2661 Hollande.

437 2689 540 2723 Cctte
568 2689 748 2734 princesse
778 2689 872 2722 avait
901 2690 957 2723 cte
985 2689 1119 2723 mariee
1149 2701 1195 2723 en
1229 2700 1309 2722 1101
1340 2689 1360 2721 a
1381 2687 1533 2732 Hugues
1567 2686 1621 2727 1⁰³,
1653 2689 1770 2717 comte
1800 2682 1845 2716 de

436 2747 689 2793 Clianipagnc,
713 2754 747 2780 vt
765 2747 983 2794 quoiqu³elle
1004 2747 1059 2783 sut
1077 2748 1221 2794 separec
1240 2746 1283 2783 (lc
1303 2746 1353 2781 lui
1375 2745 1501 2790 depuis
1525 2745 1609 2785 1104
1628 2753 1720 2788 pour
1740 2752 1846 2776 cause
