1951 3194
167 283 438 331 [low-1093]
656 282 806 320 tlssssa
837 282 1092 330 QnARTrs.
1497 286 1573 323 245

170 360 446 408 venerabilis
463 363 494 406 Α
506 362 709 408 nselmus
723 363 973 426 multiplici
996 363 1263 409 litterarum
1275 363 1576 426 scicntiaplc-

167 440 292 486 niter
311 438 521 484 imbutus
540 440 780 494 successit,
799 450 844 484 et
863 440 1114 503 praefatum
1132 438 1409 486 coenobium
1426 439 1576 486 doctis

166 533 219 561 ac
241 515 421 562 devotis
444 515 670 562 fratribus
695 516 901 563 donante
924 517 1021 564 Deo
1040 515 1339 563 laudabiliter
1356 516 1571 580 replevit.

167 592 349 639 Deinde
374 604 513 640 aucto
536 610 780 640 servorum
803 594 886 640 Dei
913 611 1112 640 numero
1137 595 1270 658 copia
1295 612 1454 641 rerum
1477 611 1575 641 non

166 670 341 727 defuit,
364 671 440 717 sed
465 670 818 718 confluentibus
844 672 1003 717 amicis
1028 671 1271 719 nobilibus
1293 690 1345 718 ac
1369 690 1576 719 necessa-

168 750 249 794 riis
277 748 503 795 fratribus
536 750 787 795 necessaria
821 747 1008 795 ubertas
1039 749 1302 797 honorifice
1335 753 1573 814 provenit.

166 826 238 871 Ad
278 827 527 873 consilium
563 825 879 890 probatissimi
925 827 1157 891 Sopliistae
1197 829 1352 875 clerici
1393 841 1440 876 et
1476 830 1577 876 la’i'ci

168 905 542 962 concurrebant,
575 917 621 951 et
650 906 803 951 dulcia
835 906 1041 952 veritatis
1074 906 1212 953 verba
1234 943 1247 965 ‚
1277 925 1383 972 quae
1416 908 1472 954 de
1497 926 1580 955 ore

166 985 263 1045 ejus
291 982 527 1039 fluebant,
558 982 822 1030 fautoribus
845 985 1042 1047 justitiae
1067 985 1196 1049 quasi
1230 1002 1470 1032 sermones
1494 1004 1580 1031 an-

166 1061 255 1125 geli
290 1061 372 1108 Dei
414 1061 679 1125 placebant.
724 1062 812 1108 Hic
850 1063 1043 1109 natione
1080 1062 1221 1108 Italus
1261 1062 1580 1109 Lanfrancum

168 1149 351 1184 secutus
376 1139 577 1183 Beccum
609 1139 828 1202 expetiit,
862 1149 905 1185 et
939 1139 1086 1185 instar
1116 1139 1431 1185 Israelitarum
1463 1157 1581 1186 auro

170 1215 439 1280 divitiisque
472 1217 809 1280 AEgyptiorum
849 1236 856 1260 ε
895 1215 938 1261 id
973 1228 1041 1262 est
1075 1217 1284 1263 saeculari
1310 1217 1580 1264 eruditione

170 1291 561 1355 philosophorum
591 1303 812 1348 onustus,
844 1304 1020 1338 terram
1049 1293 1428 1356 repromissionis
1458 1293 1581 1339 desi-

167 1370 389 1415 deranter
414 1369 544 1415 adiit.
568 1370 829 1416 Monachus
846 1381 1002 1416 autem
1021 1370 1193 1426 sactus,
1219 1370 1421 1416 coelestis
1442 1369 1580 1417 theo-

167 1447 251 1492 riae
273 1447 561 1492 omnimodis
588 1446 801 1502 inhaesit,
826 1458 872 1493 et
895 1448 951 1492 de
972 1445 1217 1493 uberrimo
1242 1447 1376 1494 fonte
1399 1447 1578 1511 sophiae

167 1523 390 1569 melliflua
416 1523 648 1570 doctrinae
673 1524 849 1570 fluenta
875 1524 1063 1588 copiose
1087 1523 1319 1586 profudit.
1349 1524 1579 1571 obscuras

168 1618 308 1646 sacrae
327 1601 586 1664 Scriptnrae
606 1601 859 1647 sententias
878 1601 1076 1647 solerter
1100 1601 1362 1665 indagavit,
1388 1612 1579 1649 strenue

167 1678 320 1724 verbis
349 1690 430 1724 ant
454 1679 640 1741 scriptis
665 1677 963 1734 dilucidavit,
1000 1690 1046 1725 et
1076 1678 1293 1742 perplexa
1321 1679 1579 1743 propheta-

168 1772 271 1799 rum
295 1755 414 1800 (licta
436 1754 688 1801 salubriter
707 1754 944 1801 enodavit.
970 1755 1137 1801 Omnia
1159 1754 1299 1801 verba
1324 1758 1419 1818 ejus
1446 1757 1578 1802 utilia

167 1843 323 1887 erant,
347 1843 394 1878 et
413 1831 658 1879 benivolos
682 1833 918 1878 auditores
938 1832 1251 1878 aedificabant.
1277 1833 1462 1880 Dociles
1484 1834 1580 1880 dis-

168 1910 307 1972 cipuli
331 1910 568 1972 epistolas,
593 1911 870 1974 typicosque
889 1927 1127 1956 sermones
1147 1912 1242 1973 ejus
1262 1912 1439 1974 scripto
1460 1913 1579 1958 reti—

170 1989 439 2043 tinuerunt5
468 1987 639 2052 quibus
659 1989 835 2033 affatim
856 1987 1056 2034 debriati
1079 2005 1175 2034 non
1194 1989 1347 2034 solum
1367 1987 1479 2046 sibi,
1500 1990 1577 2036 sed

167 2076 213 2110 vt
231 2066 331 2111 aliis
350 2066 510 2111 multis
532 2083 631 2112 non
650 2065 953 2112 mediocriter
972 2065 1296 2130 profecerunt.
1320 2067 1421 2113 Hoc
1441 2067 1578 2114 Guil-

167 2143 334 2189 lelmus
352 2153 398 2188 et
415 2145 534 2190 Boso
550 2161 834 2190 successores
852 2146 948 2207 ejus
966 2144 1294 2209 multipliciter
1309 2157 1574 2203 senserunt,

165 2221 245 2284 qni
266 2221 379 2266 tanti
398 2221 605 2267 doctoris
620 2232 912 2286 syntagmata
935 2222 1181 2286 insigniter
1196 2221 1283 2267 sibi
1302 2222 1573 2280 hauserunt,

167 2310 213 2343 ct
237 2298 503 2344 sitientibus
532 2300 639 2346 inde
666 2299 1022 2346 desiderabilem
1050 2310 1217 2363 potum
1246 2300 1438 2364 largiter
1463 2319 1578 2364 pro-

166 2376 468 2439 pinavernnt.
498 2377 745 2423 Ansehnus
777 2375 973 2422 ai'fabilis
1005 2388 1052 2423 et
1080 2387 1349 2423 mansuetus
1374 2388 1503 2436 erat,
1530 2389 1577 2424 et

169 2453 349 2497 cunctis
373 2453 648 2516 simpliciter
674 2453 1079 2517 interrogantibus
1105 2455 1345 2499 caritative
1373 2472 1576 2518 respon-

167 2529 323 2576 debat.
369 2530 725 2594 Inquirentihns
766 2532 926 2577 amicis
963 2533 1038 2594 pie
1074 2531 1222 2577 libros
1259 2530 1404 2577 edidit
1438 2534 1573 2579 mirae

169 2607 438 2654 subtilitatis
464 2625 515 2653 ac
540 2608 876 2670 profunditatis
901 2609 956 2654 de
976 2610 1211 2655 Trinitatc
1229 2645 1243 2668 ,
1269 2609 1325 2655 de
1351 2611 1570 2669 veritate,

168 2684 223 2729 de
249 2684 400 2731 libero
424 2683 623 2729 arbitrio
639 2720 650 2741 ‚
672 2684 737 2729 dc
753 2702 854 2729 casu
878 2683 1050 2731 diaboli
1070 2720 1079 2739 ,
1109 2696 1153 2729 et
1175 2703 1258 2730 cur
1280 2686 1404 2731 Deus
1430 2686 1574 2734 homo

172 2762 316 2806 lactus
340 2774 422 2806 cst
466 2764 596 2807 Fama
630 2763 867 2825 sapientia*
898 2761 1032 2825 liujus
1066 2763 1278 2809 didascali
1315 2782 1396 2827 per
1425 2775 1573 2813 totam
