1951 3194
439 312 516 350 332
800 309 1043 349 HISTORIA
1075 309 1480 350 ECCLESIASTICA.

440 392 591 438 clerus
616 390 917 437 Ebroicensis
941 407 1050 437 cum
1073 390 1289 438 fidelibus
1315 391 1546 457 indigenis
1565 393 1707 457 primi
1726 410 1851 456 prae-—

441 470 552 515 sulis
575 470 643 514 sui
671 468 870 514 Taurini
893 469 1215 535 polyandrum
1235 469 1479 534 quaesivit,
1506 470 1698 535 D'eoque
1720 487 1852 516 mon-

440 556 618 592 strant-e
637 546 819 593 invenit
837 546 926 610 (ι).
946 546 1126 593 Deinde
1145 557 1417 594 reverenter
1433 546 1489 594 de
1504 557 1628 594 terra
1645 548 1851 594 levatum

440 634 507 669 est
528 659 541 679 ,
581 633 628 670 et
664 634 772 686 post
809 623 1000 688 aliquod
1034 633 1219 687 tempus
1255 624 1282 670 a
1319 623 1535 671 fidelibus
1565 625 1852 671 Fiscannum

443 699 727 746 translatum
738 709 819 748 est.
837 699 906 746 lbi
922 699 1188 747 venerabile
1203 699 1853 756 coenobiummonachorum,

441 777 498 824 ad
515 777 700 824 deitatis
726 778 908 824 cultum
926 779 1105 843 jugiter
1129 779 1380 843 agendum,
1401 789 1732 826 constructum
1756 789 1854 837 est,

443 855 603 921 ibique
628 857 678 902 in
705 874 836 920 capsa
862 857 1071 920 preciosa
1096 858 1245 904 sancti
1270 858 1359 904 viri
1381 875 1553 922 corpus
1575 867 1856 905 veneranter

444 943 657 997 aptatum
680 945 748 980 est
772 935 860 996 (2).

509 1012 645 1058 Alma·
694 1013 903 1058 Taurini
938 1013 1160 1076 praesulis
1194 1014 1420 1078 precibus
1469 1025 1512 1060 et
1555 1014 1731 1060 meritis
1771 1030 1857 1060 nos

443 1091 576 1136 Deus
594 1101 730 1136 eruat
746 1090 808 1135 ab
825 1093 952 1136 omni
965 1108 1147 1137 veneno
1166 1092 1417 1149 vitiorum,
1436 1103 1480 1137 et
1495 1089 1705 1156 perfeeto
1724 1109 1860 1138 sanc·

445 1178 599 1212 taram
619 1167 811 1212 decoret
829 1184 916 1213 nos
930 1167 1111 1231 jubare
1127 1169 1374 1225 virtutum,
1398 1179 1442 1213 et
1459 1169 1509 1214 in
1526 1169 1707 1214 sanctis
1726 1185 1859 1214 man-

442 1242 658 1289 sionibus
692 1260 884 1289 saorum
907 1244 1178 1308 conjungat
1201 1244 1407 1308 collegio
1436 1244 1747 1303 Sanctorum,
1779 1244 1862 1290 ubi

436 1323 679 1385 possimus
718 1321 877 1386 ipsum
912 1339 1071 1385 regem
1103 1338 1262 1384 regum
1299 1322 1514 1386 digniter·
1545 1321 1750 1370 laudare
1774 1339 1863 1386 per·

444 1401 608 1445 omnia
628 1400 814 1446 saecula
835 1400 1148 1447 meldorum!
1167 1402 1342 1446 Amen.

510 1476 636 1523 VIII.
655 1477 783 1524 AElio
802 1478 1040 1525 Hadriano
1056 1489 1102 1525 et
1120 1479 1371 1527 Antonino
1392 1479 1476 1526 Pio
1496 1477 1856 1543 imperantibus,

444 1554 574 1602 rabie
597 1555 756 1602 hostili
777 1557 962 1603 novella
983 1556 1299 1603 christianitas
1323 1557 1371 1604 in
1390 1557 1538 1605 Gallia
1556 1556 1860 1604 vehementer

444 1632 604 1677 attrita
627 1643 712 1689 est,
741 1643 787 1679 et
811 1643 968 1678 sancta
990 1644 1142 1680 mater
1161 1634 1363 1680 Ecclesia
1386 1651 1469 1698 per
1485 1651 1634 1681 annos
1650 1632 1748 1680 fere
1769 1649 1860 1679 CLX

445 1708 701 1756 admodum
717 1708 958 1755 humiliata
979 1719 1048 1756 est
1064 1710 1156 1773 (5).
1178 1710 1318 1756 Nulla
1335 1710 1474 1757 nobis
1494 1710 1685 1756 historia
1706 1709 1862 1755 mani-

494 1921 544 1965 (1)
570 1920 620 1955 Ce
634 1920 691 1954 fut
706 1921 800 1954 saint
817 1919 1009 1961 Landulfe,
1028 1920 1121 1955 alors
1136 1920 1231 1955 clerc
1244 1927 1280 1954 et
1298 1920 1428 1966 depuis
1442 1920 1577 1967 eveque
1593 1911 1782 1962 ‹slim—eux,
1798 1919 1864 1965 qui

447 1986 633 2023 retrouva,
651 1992 696 2014 au
716 1986 1031 2014 commeneeinent
1048 1979 1098 2014 du
1118 1985 1182 2013 vue
1200 1980 1324 2023 siecle,
1348 1979 1381 2014 le
1403 1979 1574 2014 tombeau
1593 1977 1638 2013 de
1654 1979 1747 2013 saint
1764 1979 1862 2013 Tau-

448 2041 505 2074 rin
519 2068 527 2081 ‚
550 2047 586 2074 et
600 2040 694 2074 bfuit
713 2052 785 2074 une
805 2039 967 2086 chapelle
986 2039 1124 2074 dessus.

494 2099 544 2144 (2)
570 2098 765 2132 L'liistoire
783 2097 846 2132 des
864 2098 1098 2132 translations
1116 2098 1166 2132 du
1182 2109 1287 2144 corps
1304 2097 1350 2132 (le
1373 2098 1467 2131 saint
1481 2098 1622 2131 Taurin
1637 2102 1692 2131 est
1709 2094 1863 2142 compli-

448 2160 541 2204 ‹1ue‘e
564 2164 601 2192 et
619 2169 713 2192 assez
732 2157 899 2192 obscure.
920 2159 952 2192 A
968 2158 1135 2205 l'epoque
1158 2158 1203 2192 de
1224 2158 1412 2192 l'invasion
1430 2156 1631 2192 normande
1643 2184 1652 2199 ,
1674 2155 1699 2190 il
1713 2155 1770 2190 fut
1787 2168 1863 2190 em-

449 2219 555 2264 porte
582 2220 599 2252 a
628 2219 769 2252 Lezoux
788 2230 834 2252 en
860 2219 1056 2265 Auvergne
1075 2219 1265 2263 (Castrum
1283 2217 1538 2262 Laudosum),
1565 2217 1663 2262 puis,
1692 2227 1738 2249 au
1763 2227 1864 2250 com-

449 2284 678 2312 nienceincnt
694 2277 744 2312 du
770 2285 801 2311 ,Ψ
828 2277 954 2317 siecle,
976 2278 1021 2312 (10
1049 2280 1188 2312 choux
1212 2280 1230 2311 a
1249 2278 1364 2323 Gigni
1385 2290 1431 2311 cn
1449 2276 1777 2311 Franclie-Cointe.
1802 2274 1864 2311 On

449 2349 495 2370 ne
512 2337 578 2371 sait
593 2336 715 2384 quand
734 2337 771 2371 ni
787 2350 851 2383 par
865 2337 928 2383 qui
945 2336 969 2371 il
988 2337 1046 2371 fut
1065 2338 1236 2384 rapporte
1249 2349 1294 2371 en
1314 2335 1553 2370 Normandie.
1578 2335 1717 2381 Malgre
1735 2334 1785 2369 les
1806 2336 1863 2369 re-

449 2395 662 2431 clamations
680 2397 744 2431 (les
762 2396 916 2442 abbayes
934 2396 979 2430 de
993 2397 1108 2442 Gigni
1127 2404 1164 2431 et
1177 2396 1222 2430 de
1236 2396 1392 2442 Fecamp
1405 2423 1413 2437 ,
1435 2395 1523 2429 ainsi
1542 2407 1614 2442 que
1632 2394 1724 2429 dela
1739 2394 1845 2428 cathe

449 2455 550 2489 drale
577 2455 622 2490 de
648 2455 839 2498 Chartres,
869 2456 931 2502 qui
962 2455 1149 2501 pretendit
1176 2455 1300 2489 l'avoir
1326 2468 1411 2501 recu
1440 2454 1485 2489 de
1506 2454 1865 2500 Philippe-Auguste

450 2516 554 2561 apri-s
570 2515 602 2549 10
617 2515 749 2562 pillage
763 2515 808 2549 de
826 2515 858 2548 la
876 2515 959 2549 ville
974 2507 1153 2550 d’Evreux
1171 2528 1216 2549 en
1239 2529 1250 2549 1
1263 2513 1325 2562 195
1336 2544 1345 2558 ‚
1363 2515 1394 2549 la
1410 2514 1611 2562 possession
1625 2526 1670 2548 en
1683 2520 1737 2548 est
1750 2514 1865 2547 restee

451 2577 471 2608 a
489 2574 650 2621 l'abbaye
667 2574 713 2609 de
740 2574 1025 2617 Saint-Taurin‚
1052 2576 1100 2609 ou
1126 2574 1151 2608 il
1175 2586 1301 2621 reposo
1320 2574 1410 2608 dans
1433 2585 1506 2607 une
1524 2571 1723 2607 admirable
1741 2570 1865 2605 chasse

453 2634 503 2667 du
523 2643 595 2668 κιιιε
613 2634 720 2669 siecle
733 2663 742 2678 ,
765 2635 855 2670 dont
873 2647 965 2670 nous
984 2647 1092 2670 avons
1110 2634 1236 2682 publie
1253 2634 1284 2669 la
1305 2634 1541 2681 description.

499 2691 548 2736 (5)
573 2693 678 2727 Cette
705 2694 910 2740 pretendue
937 2694 1102 2729 invasion
1125 2693 1170 2728 dc
1192 2693 1225 2727 la
1249 2693 1369 2729 Gaulo
1398 2699 1451 2727 est
1473 2691 1754 2737 completemcnt
1778 2701 1864 2735 apo-

454 2751 610 2796 crypho,
628 2759 663 2785 ct
682 2753 738 2786 11⁷a
753 2754 810 2787 0ἱο
825 2753 1007 2799 imagincc
1021 2766 1085 2800 par
1100 2753 1150 2787 los
1164 2752 1389 2799 legenilaircs
1405 2752 1452 2786 du
1470 2762 1597 2796 moyen
1612 2750 1675 2794 :ige
1689 2761 1759 2795 quc
1772 2760 1865 2795 pour

456 2811 565 2843 corvis
586 2810 629 2844 clv
650 2812 753 2845 cadw-
775 2816 790 2846 Ξι
812 2814 907 2847 lours
928 2815 1067 2858 picusos
1089 2812 1245 2847 fraudes.
