1951 3194
588 270 740 308 LIBER
770 270 926 318 QUIN]
940 270 1011 308 US.
1432 272 1510 311 343

102 348 224 393 ricus
250 348 298 392 in
319 365 519 410 regnum
542 348 776 395 successit.
803 347 1066 395 Hildericus
1083 348 1406 395 vandalorum
1426 367 1509 396 rex

103 425 345 488 episcopos
390 423 450 469 ab
490 425 632 472 exilio
676 425 849 472 reverti
901 435 947 471 et
992 425 1204 472 ecclesias
1248 426 1510 473 instaurare

101 502 356 565 praecepit,
389 512 496 565 post
529 519 677 549 annos
702 518 849 548 Lxxvl
883 501 1117 549 haereticae
1143 503 1506 567 profanationis.

104 578 380 625 Benedictus
405 577 546 625 abhas
563 579 798 625 virtutum
816 579 966 643 gloria
990 580 1185 637 claruit,
1211 599 1324 646 quas
1348 580 1511 628 beatus

102 673 216 719 papa
243 657 499 721 Gregorius
533 657 582 702 in
608 655 733 702 libro
756 656 1064 720 Dialogorum
1087 659 1290 722 scripsit.
1324 660 1513 706 Bilizia—

103 734 201 779 rius
225 735 447 798 patricius
466 752 491 780 a
509 735 778 781 Justiniano
804 735 853 780 in
874 734 1083 782 Africam
1105 737 1298 794 missus,
1325 738 1514 786 Vanda-

105 812 261 858 lorum
279 822 468 876 gentem
486 811 659 858 delevit
673 848 684 868 ‚
708 811 1025 859 Gelismerum
1043 831 1204 877 regem
1223 831 1391 861 eorum
1412 834 1515 880 cap-

105 901 204 934 tum
239 888 708 952 Constantinopolim
738 890 884 936 misit.
913 889 1148 955 Carthago
1171 908 1363 956 quoque
1386 910 1514 940 anno

101 967 380 1014 excessionis
408 984 502 1013 suae
532 975 606 1013 Xc⁰
635 977 702 1013 V1⁰
725 977 909 1031 recepta
939 978 1024 1014 est.
1058 968 1314 1034 Dionysius
1339 971 1514 1016 Parvus

102 1042 339 1089 Paschales
378 1043 581 1091 circulos
615 1043 810 1100 scribit,
844 1044 1077 1108 incipiens
1103 1043 1161 1090 ab
1192 1063 1320 1093 anno
1348 1047 1516 1092 Domi-

105 1119 222 1165 nicae
250 1119 589 1166 incarnationis
624 1131 675 1165 D0
699 1130 808 1165 xxx⁰
836 1129 914 1176 11⁰3
942 1138 1040 1184 quo
1073 1138 1201 1168 anno
1232 1122 1389 1169 Codex
1413 1124 1516 1168 Jus-

106 1196 272 1241 tiniani
296 1196 622 1260 promulgatus
657 1208 741 1244 est.
772 1197 942 1244 Victor
965 1197 1212 1260 Capuanus
1236 1199 1482 1263 episcopus
1498 1235 1512 1256 ,

106 1270 281 1317 librum
296 1271 353 1319 de
367 1271 539 1319 Pascha
557 1271 784 1329 scribens,
802 1273 1005 1320 Victorii
1021 1274 1176 1337 arguit
1188 1291 1390 1322 errores.
1412 1275 1516 1321 Cas-

104 1349 320 1395 siodorus
344 1360 533 1396 senator
557 1359 603 1397 et
626 1350 891 1396 Priscianus
915 1351 1247 1413 grammaticus
1270 1363 1318 1398 et
1339 1352 1516 1399 Arator

104 1425 417 1474 subdiaconus
441 1427 732 1474 claruerunt.

109 1537 157 1571 16„
288 1537 475 1572 Occubuit
492 1544 630 1584 martyr
643 1538 878 1572 Praetextatus
896 1537 1166 1585 F1·edegundi5‚

288 1597 438 1644 Reginae
452 1598 597 1632 monitu
617 1609 684 1644 pro
702 1598 843 1632 Christi
860 1598 1007 1632 nomine
1022 1599 1108 1633 Jesu
1123 1600 1186 1644 (ι).

105 1700 189 1745 flio
227 1716 378 1746 XLV111
410 1700 571 1757 annis,
600 1710 815 1764 tempore
838 1700 1024 1765 Agapiti
1044 1736 1060 1759 ‚
1087 1700 1271 1747 Silverii
1288 1736 1301 1757 ,
1326 1701 1510 1765 vigilii,

104 1778 297 1841 Pelagii,
327 1777 556 1825 Johannis
581 1790 627 1825 et
650 1778 821 1842 Pelagii
846 1796 1101 1841 paparum,
1133 1777 1220 1824 sub
1248 1778 1437 1826 Justino
1471 1792 1517 1826 et

106 1854 301 1902 Tiberio
323 1856 641 1901 Constantino
657 1855 879 1918 Augustis
898 1854 1080 1901 floruit.
1107 1855 1272 1901 Narses
1296 1857 1515 1918 patritius

108 1931 315 1977 Totilam
327 1930 600 1978 Gothorum
613 1948 772 1995 regem
790 1931 838 1976 in
858 1930 986 1976 Italia
1006 1931 1244 1994 superavit
1259 1942 1306 1978 et
1319 1931 1511 1978 occidit.

106 2008 234 2053 Gens
261 2006 679 2072 Langobardorum
694 2042 706 2063 ,
731 2007 987 2054 comitante
1003 2007 1126 2053 same
1142 2017 1189 2054 et
1205 2008 1443 2054 mortalita
1451 2018 1512 2064 te,

106 2102 300 2132 omnem
325 2084 504 2130 invadit
525 2084 732 2140 ltaliam,
760 2084 858 2148 regi
883 2083 1095 2130 Albuino
1119 2083 1344 2148 subjecta.

153 2287 201 2330 (1)
227 2285 330 2320 Saint
352 2285 539 2319 Pretextat
561 2284 680 2330 parait
703 2283 779 2318 etre
796 2284 912 2318 arrive
933 2296 979 2318 au
999 2285 1096 2332 siege
1113 2284 1295 2331 episcopal
1318 2285 1363 2320 de
1386 2285 1517 2321 Rouen

107 2357 184 2379 vers
201 2343 282 2379 550.
303 2343 336 2379 Il
353 2343 478 2378 assista
499 2355 545 2378 au
565 2342 751 2378 troisieme
765 2342 903 2377 concile
920 2342 965 2378 de
982 2343 1084 2378 Paris
1101 2355 1147 2378 en
1165 2342 1247 2391 557,
1269 2351 1306 2378 et
1322 2356 1368 2378 au
1384 2344 1518 2379 second

106 2406 151 2439 «le
168 2406 288 2439 Tours
307 2417 352 2439 en
370 2403 452 2439 566.
473 2404 570 2439 C’est
585 2416 631 2439 en
650 2402 732 2451 577,
751 2402 840 2437 dans
856 2415 908 2438 un
925 2410 1028 2438 autre
1046 2403 1185 2439 concile
1202 2410 1291 2438 tenu
1313 2404 1518 2451 egalement

108 2468 123 2497 a
147 2464 268 2506 Paris,
290 2462 380 2510 qu'il
404 2462 461 2496 fut
481 2462 615 2509 depost}
632 2465 649 2494 ii
670 2461 909 2508 l’instigation
926 2461 971 2496 de
988 2461 1228 2508 Fredegonde
1246 2469 1283 2496 et
1306 2462 1516 2509 Chilperic‚

109 2537 201 2571 pour
220 2523 320 2558 avoir
338 2523 451 2557 marie
473 2522 613 2557 l'annee
634 2521 851 2569 precedente
876 2522 1043 2556 Merovee
1066 2534 1150 2556 avec
1173 2522 1406 2565 Brunelmut,
1435 2523 1518 2569 puis

110 2583 255 2629 relegue
273 2583 292 2615 a
308 2581 435 2616 Jersei.
454 2580 485 2614 Il
507 2580 564 2615 fut
586 2579 715 2615 retabli
733 2592 794 2614 sur
814 2591 879 2614 son
897 2580 994 2626 siege
1015 2580 1119 2626 apres
1138 2579 1171 2614 la
1189 2587 1285 2614 mort
1304 2579 1348 2615 de
1365 2580 1517 2628 Chilpe'-

112 2644 160 2677 ric
173 2671 180 2681 ,
202 2655 247 2677 cn
265 2641 333 2683 584
346 2670 354 2682 ,
378 2641 501 2675 assista
518 2653 562 2676 en
581 2639 648 2676 585
662 2653 707 2674 au
725 2640 914 2675 deuxieinc
928 2640 1067 2674 concile
1081 2639 1124 2674 de
1143 2639 1271 2674 Mficon
1284 2669 1292 2683 ⁷
1313 2647 1349 2675 et
1367 2648 1513 2675 mourut

110 2703 279 2737 assassine
298 2704 315 2735 Ξι
331 2700 451 2735 l'autel
466 2713 530 2746 par
550 2700 599 2734 lcs
615 2700 739 2734 ordros
758 2700 801 2734 ‹lc
825 2699 1059 2745 Frc'dc'goudc
1077 2699 1188 2741 (alors
1208 2712 1252 2734 au
1268 2700 1471 2735 Vaudreuil
1486 2702 1510 2745 )

111 2763 142 2795 lv
160 2763 353 2797 ‹linianchs-
374 2766 413 2802 vj
436 2761 562 2795 sswrivr
581 2760 659 2794 586.
