1951 3194
104 246 371 296 [llis-1128]
590 243 740 281 LIBER
770 242 1011 290 QUINTUS.
1427 244 1502 282 463

101 324 160 370 ab
182 324 311 370 omni
340 340 481 369 censu
505 323 551 368 S.
582 323 740 368 Mariae
765 321 985 368 reddidit.
1014 321 1240 366 Fructum
1264 320 1403 366 etiam
1428 323 1502 366 vi—

101 418 202 446 neae
240 401 286 446 in
329 401 428 463 ipso
465 414 614 454 anno,
654 399 711 444 ad
743 398 985 445 emendam
1022 397 1297 461 imaginem,
1331 408 1502 443 sanctae

100 476 286 540 Virgini
312 475 504 522 obtulit.

165 553 454 609 Grimoldus,
477 569 621 616 nepos
639 562 686 599 et
710 552 857 598 haeres
876 550 1099 614 Stephani
1126 551 1182 597 de
1204 551 1394 605 Manlia,
1425 561 1503 597 to·-

102 642 195 677 tam
220 631 447 677 decimam
466 641 605 676 terrae
629 647 749 685 suae,
776 639 872 674 tam
895 628 951 674 de
974 629 1114 674 feudo
1141 627 1339 674 Ansoldi
1361 645 1501 692 quam

99 709 156 754 de
176 708 316 755 feudo
341 708 508 771 Pagani
525 743 537 762 ,
559 707 879 770 decimamque
896 707 1155 752 molendini
1183 708 1251 752 sui
1279 716 1325 752 et
1349 706 1504 752 vinea-

99 801 208 830 rum
237 802 424 830 suarum
460 781 699 829 monachis
723 781 872 837 dedit,
900 791 946 827 et
967 780 1144 828 donum
1173 799 1312 844 super
1337 782 1498 837 altare,

101 877 209 905 cum
228 859 481 906 Petronilla
503 875 649 904 uxore
676 875 781 913 sua,
807 858 982 921 posuit.
1006 856 1210 913 Deinde,
1237 858 1291 902 ad
1317 857 1503 903 obitum

98 935 304 999 praefatae
339 935 549 998 conjugis
579 952 698 990 suae,
737 933 831 980 duo
860 942 1052 996 arpenta
1077 943 1216 979 terrae
1241 933 1288 978 in
1315 935 1503 981 Monte-

99 1012 323 1059 Tedherti
345 1014 414 1075 (1)
436 1012 677 1060 monachis
696 1012 880 1057 annuit.
906 1013 1122 1075 Denique
1144 1012 1336 1057 tertium
1359 1013 1404 1058 in
1428 1029 1501 1058 eo-

97 1090 203 1136 dem
228 1090 333 1137 loeo
352 1091 407 1134 ad
428 1088 613 1135 obitum
633 1088 741 1134 filiae
759 1106 854 1134 suae
873 1087 1054 1151 adjecit.
1076 1088 1162 1133 Hic
1183 1089 1229 1133 in
1247 1089 1501 1135 Jerusalem

98 1184 204 1211 cum
242 1165 480 1231 Stephano
521 1166 723 1211 Blesensi
761 1166 935 1211 comite
970 1166 1208 1228 perrexit,
1249 1166 1298 1210 in
1334 1166 1502 1212 itinere

100 1243 182 1290 illo
215 1244 359 1289 multa
395 1244 547 1307 gravia
583 1243 806 1306 pertulit,
840 1254 887 1289 et
921 1243 1027 1288 inde
1057 1260 1268 1289 reversus
1294 1243 1502 1307 legitime

98 1321 218 1366 vixit
245 1322 326 1384 (2).

162 1397 394 1445 Geroldus
431 1414 647 1462 quoque,
687 1398 970 1462 cognomine
1008 1397 1248 1455 Costatus,
1284 1398 1497 1462 praedicti

99 1476 332 1523 Grimoldi
358 1477 593 1532 sororius,
622 1475 886 1522 infirmatus
910 1486 1003 1532 est,
1029 1476 1285 1541 divinoque
1308 1475 1501 1523 verbere

101 1555 310 1611 territus,
333 1553 582 1618 quamdam
606 1554 860 1611 decimam,
888 1572 1028 1618 quam
1055 1555 1100 1599 in
1130 1554 1373 1601 territorio
1400 1555 1502 1599 Ma—

99 1633 206 1679 rolii
230 1631 495 1696 possidebat
511 1669 522 1691 ‚
556 1642 830 1696 partemque
859 1649 989 1677 suam
1015 1632 1121 1677 atrii
1146 1631 1351 1694 ejusdem
1378 1632 1502 1678 villae

98 1710 340 1757 monachis
363 1709 516 1766 dedit,
545 1720 783 1756 annuente
811 1711 1007 1773 conjuge
1031 1727 1136 1766 sua,
1165 1709 1213 1754 in
1241 1711 1370 1773 cujus
1392 1708 1502 1755 dote

99 1798 220 1843 erat3
248 1788 388 1833 Petro
420 1803 610 1851 quoque
641 1786 837 1832 domino
874 1786 1066 1831 Manliae
1100 1785 1287 1832 volente
1315 1796 1361 1832 et
1391 1803 1502 1833 con-

100 1863 317 1917 cedente,
339 1863 395 1909 de
425 1866 552 1925 cujus
572 1862 712 1910 feudo
731 1874 843 1908 erat.
874 1862 1117 1908 Albericus
1147 1872 1304 1908 autem
1331 1862 1387 1908 de
1405 1863 1501 1908 Ma„

100 1939 223 1985 rolio
253 1955 321 1984 xl1
346 1941 507 2002 jugera
537 1949 700 1994 terrae,
723 1955 831 2002 quae
861 1939 909 1983 in
946 1937 1195 2000 supercilio
1217 1939 1417 1993 montis,
1449 1940 1495 1984 in

101 2016 345 2063 territorio
376 2014 559 2061 Marolii
592 2015 647 2060 ad
673 2014 992 2070 occidentem,
1029 2016 1112 2060 sita
1137 2025 1229 2070 est,
1256 2014 1498 2061 monachis·

100 2092 242 2139 dedit.

166 2171 267 2217 Odo
299 2170 420 2216 filius
444 2168 690 2221 Gualonis,
718 2186 856 2233 eques
888 2169 1200 2227 honorabilis,
1230 2169 1284 2215 ad
1315 2169 1498 2216 obitum

100 2247 287 2294 Arnulfi
318 2247 400 2292 filii
427 2247 493 2291 sui
522 2245 650 2292 dedit
672 2246 914 2292 monachis
941 2246 996 2293 de
1022 2247 1193 2293 Manlia
1226 2248 1315 2292 tria
1334 2249 1497 2311 jugera

102 2337 264 2381 terrae,
285 2342 390 2388 quae
416 2335 528 2369 tunc
553 2324 777 2387 temporis
802 2323 946 2371 Fulco
971 2324 1218 2388 presbyter
1238 2323 1495 2370 excolebat,

101 2403 228 2448 Duos
253 2418 440 2465 quoque
465 2401 563 2446 vini
588 2400 770 2447 modios
797 2401 1012 2446 similiter
1034 2401 1188 2456 dedit,
1221 2402 1414 2465 darique
1442 2402 1499 2447 de

102 2480 246 2526 vineis
269 2479 386 2533 suis,
416 2497 497 2540 per
519 2478 724 2542 singulos
749 2495 895 2524 annos
919 2479 1192 2533 constituit3
1227 2480 1287 2524 ita
1311 2490 1365 2524 ut
1390 2479 1498 2524 nu!-n

150 2680 199 2718 (1)
226 2674 409 2709 1)(1111-ὲ11ἐ
429 2672 659 2717 aujourd‘hui
682 2673 924 2714 Montjnbvrt,
948 2686 1007 2706 ³111·
1029 2673 1054 2706 ia
1075 2685 1264 2708 commune
1282 2674 1450 2709 d’Anlnai

151 2738 200 2777 ζῆ.)
229 2734 348 2778 'Voyvz
367 2731 559 2771 ci-drssus,
581 2738 664 2765 noto
685 2745 716 2777 p.
738 2730 815 2776 3513.
