1951 3194
119 259 256 310 [1074]
602 256 756 295 LIBER
785 253 1039 304 QUARTUS.
1451 255 1528 291 265

117 339 294 395 lantur‚
328 347 374 385 et
403 337 704 384 clementiam
742 338 838 400 ejus
872 337 1010 400 (quae
1040 333 1300 379 tardissima
1337 332 1400 378 eis
1436 333 1528 377 visa

117 417 210 478 est)
235 417 283 462 in
309 415 438 461 duris
467 414 697 479 agonibus
723 413 1077 478 praestolantur.

179 493 302 540 Vere
318 493 467 557 gloria
486 492 651 538 mundi
674 502 727 537 ut
750 491 837 537 flos
856 491 978 536 foeni
1003 489 1178 537 decidit
1196 498 1243 535 et
1266 489 1451 545 arescit,
1479 506 1532 534 ac

114 571 244 618 velut
286 570 445 617 fumus
485 569 644 617 deficit
689 580 735 615 et
776 568 962 614 transit.
1008 566 1102 613 Ubi
1143 577 1213 613 est
1251 566 1533 613 Guillelmus

115 649 316 696 Osberni
352 648 477 695 filius
513 646 843 694 Herfordensis
875 662 1032 692 comes
1069 655 1117 690 et
1149 645 1271 709 regis
1299 644 1528 699 vicarius,

115 725 425 773 Normanniae
457 724 650 788 Dapifer
678 733 724 770 et
757 722 976 787 magister
1013 720 1222 767 militum
1250 720 1533 767 bellicosus?

114 802 202 848 Hic
225 801 455 848 nimirum
472 800 655 864 primus
675 809 722 845 et
741 799 972 844 maximus
991 814 1244 861 oppressor
1264 796 1533 861 Anglorum

111 877 229 935 fuit,
256 889 303 924 et
331 894 578 924 enormem
602 892 786 922 causam
811 892 897 938 per
921 874 1238 921 temeritatem
1260 890 1389 919 suam
1413 890 1533 919 enu-

115 955 274 1012 trivit,
299 972 384 1018 per
403 971 545 1018 quam
566 953 730 999 multis
753 951 965 998 millibus
990 951 1127 997 ruina
1151 951 1337 997 miserae
1362 951 1532 998 mortis

114 1031 348 1077 incubuit.
369 1030 548 1078 Verum
564 1033 718 1095 justus
745 1029 890 1094 judex
915 1029 1076 1076 omnia
1095 1028 1246 1087 videt,
1275 1039 1322 1076 et
1341 1028 1533 1074 unicui-

113 1127 207 1174 que
235 1119 381 1173 prout
404 1119 616 1155 meretur
643 1108 783 1173 digne
808 1107 1043 1155 redhibet.
1072 1106 1198 1155 Proh
1225 1106 1389 1155 dolor!
1426 1123 1532 1153 ecce

113 1186 395 1234 Guillelmus
428 1187 637 1243 corruit,
675 1186 823 1233 audax
848 1185 1024 1233 athleta
1048 1187 1227 1250 recepit
1254 1185 1383 1251 quod
1412 1203 1533 1250 pro-

111 1266 304 1312 meruit.
327 1265 392 1312 Ut
414 1265 591 1311 multos
616 1282 724 1311 ense
748 1264 1030 1321 trucidavit,
1063 1265 1160 1328 ipse
1184 1280 1376 1329 quoque
1400 1262 1532 1309 ferro

110 1354 306 1406 repente
324 1342 524 1389 interiit.
552 1342 768 1407 Denique
787 1352 896 1406 post
917 1344 1013 1406 ejus
1037 1358 1255 1388 occasum
1278 1351 1532 1404 antequam

112 1418 312 1464 lustrum
368 1418 690 1482 compleretur
730 1435 993 1475 annorum,
1038 1417 1232 1481 spiritus
1283 1414 1530 1463 discordiae

112 1496 265 1543 filium
289 1499 385 1561 ejus
405 1506 452 1543 et
469 1513 698 1561 generum
717 1506 883 1543 contra
905 1495 1157 1542 dominum
1181 1511 1319 1540 suum
1339 1506 1386 1541 et
1412 1511 1530 1558 cog-

110 1584 278 1619 natum
297 1572 534 1619 hostiliter
550 1573 723 1619 excivit
735 1607 751 1631 ‚
767 1573 849 1637 qui
865 1571 1134 1617 Sichimitas
1147 1581 1315 1618 contra
1331 1569 1530 1617 Abime—

110 1649 214 1696 lech
239 1651 402 1715 (quem
424 1649 589 1697 occisis
604 1666 700 1695 Lxx
720 1649 828 1696 filiis
847 1647 1064 1696 Jerobaal
1082 1647 1170 1693 sibi
1188 1646 1528 1712 praefecerant)

111 1729 384 1775 commovit.
408 1728 483 1774 En
506 1729 735 1775 veraciter
753 1746 777 1774 a
795 1745 871 1775 me
887 1727 1119 1791 descripta
1137 1737 1206 1774 est
1221 1727 1416 1784 offensa,
1437 1743 1528 1790 pro

111 1825 201 1871 qua
221 1806 465 1854 Guillelmi
487 1807 736 1872 progenies
755 1806 983 1853 eradicata
1003 1806 1069 1851 sic
1091 1815 1159 1853 est
1178 1804 1234 1852 de
1257 1805 1452 1870 Anglia‚
1474 1815 1528 1851 ut

111 1903 198 1931 nec
221 1903 407 1949 passum
428 1886 558 1949 pedis
581 1886 696 1948 (nisi
721 1884 890 1947 fallor)
910 1887 1008 1948 jam
1026 1884 1324 1930 nanciscatur
1350 1884 1400 1929 in
1426 1883 1521 1929 illa.

176 1962 306 2009 XIV.
320 1963 572 2010 Guallevus
590 1981 746 2010 comes
763 1962 819 2009 ad
838 1980 998 2027 regem
1011 1963 1261 2009 accersitus
1278 1972 1363 2018 est,
1382 1972 1428 2008 et
1443 1979 1528 2025 per

109 2040 393 2087 delationem
414 2042 439 2085 J
443 2040 578 2086 udith
596 2041 757 2087 uxoris
775 2058 870 2086 suae
890 2051 1130 2086 accusatus
1150 2050 1236 2097 est,
1253 2039 1383 2104 quod
1399 2057 1528 2102 prae·

109 2118 248 2164 dictae
267 2117 553 2181 proditionis
575 2119 790 2166 conscius
809 2128 855 2164 et
873 2117 1033 2164 fautor
1051 2117 1213 2174 fuerit,
1236 2116 1528 2181 dominoque

111 2213 194 2243 suo
234 2196 435 2242 infidelis
476 2197 702 2243 extiterit.
747 2197 829 2244 Ille
870 2207 1026 2244 autem
1071 2195 1334 2260 intrepidus
1374 2196 1527 2259 palam

110 2275 390 2337 recognovit
404 2274 532 2338 quod
549 2273 853 2338 proditorum
874 2275 1210 2338 nequissimam
1228 2273 1526 2319 voluntatem

110 2349 168 2396 ab
193 2350 256 2396 eis
282 2350 509 2407 audierit3
538 2351 617 2397 sed
642 2352 705 2397 eis
725 2352 774 2396 in
795 2360 887 2396 tam
912 2349 1114 2397 nefanda
1132 2368 1183 2396 re
1208 2349 1397 2395 nullum
1423 2365 1529 2394 om-

109 2430 227 2474 nino
241 2446 477 2474 assensum
494 2429 693 2476 dederit.
713 2430 864 2493 Super
879 2428 964 2475 hac
983 2428 1278 2476 confessione
1292 2426 1526 2490 judicium

113 2508 382 2572 indagatum
406 2517 499 2564 est,
523 2519 570 2553 et
594 2507 869 2554 censoribus
898 2508 1022 2554 inter
1046 2525 1092 2553 se
1110 2507 1289 2552 diversa
1314 2505 1524 2551 sentien-

112 2583 238 2630 tibus
262 2602 346 2648 per
372 2584 529 2647 plures
555 2584 763 2630 inducias
787 2601 934 2647 usque
959 2584 1007 2629 in
1032 2600 1213 2628 annum
1235 2580 1524 2644 protelatum

113 2671 194 2709 est.
230 2663 410 2707 Interea
434 2661 660 2725 praefatus
690 2661 827 2707 heros
852 2660 974 2723 apud
994 2660 1234 2706 Guentam
1268 2659 1315 2703 111
1341 2676 1524 2704 carcerc

113 2739 230 2800 regis
250 2750 348 2784 erat
363 2775 373 2794 ‚
405 2751 449 2783 et
474 2738 715 2784 multoties
738 2748 923 2801 peccata
945 2756 1021 2783 sua
1042 2736 1269 2794 deflebat,
1295 2755 1400 2800 quae
1431 2736 1525 2781 ibi-a
