1951 3194
384 255 454 291 182
744 254 987 291 HISTORIA
1017 252 1419 292 ECCLESIASTICA.
1654 259 1796 307 [1068]

377 332 516 378 redus
544 331 875 379 Ehoracorum
903 331 1331 394 metropolitanus,
1359 335 1438 396 qui
1466 336 1690 381 maritum
1717 336 1796 381 in-

377 419 603 467 unxerat,
640 408 918 457 Mathildem
941 408 999 454 ad
1022 409 1321 456 consortium
1355 411 1469 474 regii
1501 410 1697 459 honoris
1720 413 1795 460 die

375 489 674 534 Pentecostes
698 503 827 532 anno
852 496 908 532 11⁰
939 487 1073 551 regni
1098 486 1284 549 praefati
1310 487 1431 550 regis
1461 488 1669 535 inunxit.
1702 490 1797 537 De—

377 574 535 611 corata
572 564 704 628 regio
741 563 1003 611 diademate
1042 575 1286 621 matrona,
1326 565 1604 629 priusquam
1643 585 1796 614 annus

375 642 704 706 perficeretur,
747 641 901 689 filium
939 644 1134 690 nomine
1169 642 1430 689 Henricum
1464 644 1540 708 (ι)
1580 646 1794 709 peperit,

376 738 520 786 quem
555 721 702 768 totius
739 731 880 767 terrae
917 739 1012 767 suae
1046 722 1095 767 in
1129 720 1297 785 Anglia
1337 720 1574 768 haeredem
1614 724 1798 768 consti—

377 798 488 843 tuit.
524 798 639 854 Hic,
679 797 792 843 dum
830 797 1005 844 dociles
1046 814 1197 844 annos
1235 798 1493 862 attigisset,
1530 797 1799 845 litterarum

377 875 622 921 scientiam
653 874 845 931 didicit,
874 884 921 920 et
949 883 1059 938 post
1092 875 1339 939 utriusque
1371 876 1580 938 parentis
1611 874 1799 922 obitum

377 950 564 997 militiae
586 967 759 1014 agones
783 950 978 998 fortiter
1004 951 1231 997 exercuit.
1262 950 1477 997 Tandem
1500 951 1801 998 multimodae

375 1029 630 1093 probitatis
652 1029 805 1075 clarus
826 1029 1000 1086 titulis,
1028 1029 1353 1092 principatum
1371 1038 1625 1093 paternum
1647 1030 1802 1076 tenuit

376 1106 596 1170 pluribus
620 1107 773 1152 annis.

441 1183 623 1231 Eodem
648 1201 776 1230 anno
801 1184 974 1248 egregii
1001 1186 1198 1247 juvenes
1229 1184 1447 1229 Eduinus
1481 1195 1528 1230 et
1556 1185 1802 1231 Morem-us

378 1262 462 1308 filii
494 1263 669 1327 Elfgari
702 1263 890 1309 comitis
922 1261 1300 1320 rebellaverunt,
1334 1272 1381 1310 et
1411 1279 1520 1308 cum
1560 1263 1624 1310 eis
1662 1263 1803 1309 multi

380 1339 457 1385 alii
483 1338 711 1388 ferociter
742 1340 1133 1396 insurrexerunt,
1161 1356 1370 1404 quorum
1396 1349 1557 1386 motus
1586 1338 1805 1386 Albionis

380 1435 582 1481 regnum
608 1416 915 1464 vehementer
948 1416 1281 1463 turbaverunt.
1313 1416 1597 1463 Guillelmus
1627 1418 1805 1464 etenim

382 1513 491 1551 reX‚
519 1495 711 1560 quando
742 1495 960 1541 Eduinus
986 1513 1144 1542 comes
1173 1512 1282 1541 cum
1313 1512 1369 1542 eo
1396 1495 1700 1542 concordiam
1731 1495 1806 1542 fe-

384 1584 534 1630 cerat,
572 1573 708 1638 eique
743 1573 941 1620 fratrem
981 1591 1119 1619 suum
1156 1583 1203 1620 et
1235 1590 1355 1638 pene
1395 1574 1584 1620 tertiam
1621 1584 1808 1638 partem

385 1651 570 1715 Angliae
595 1650 892 1706 subdiderat,
920 1650 1067 1697 filiam
1087 1669 1217 1697 suam
1240 1669 1287 1698 se
1310 1652 1359 1697 in
1384 1655 1636 1716 conjugem
1660 1653 1700 1699 ei
1726 1651 1809 1698 da-

388 1739 550 1774 turum
570 1728 915 1792 spoponderat,
940 1729 1018 1775 sed
1038 1729 1345 1792 postmodum
1370 1729 1674 1776 fraudulento
1696 1747 1810 1776 con-

386 1804 513 1849 sultu
538 1803 955 1860 Normannorum‚
983 1806 1065 1869 qui
1088 1805 1230 1851 nimis
1256 1805 1403 1851 invidi
1424 1816 1537 1852 sunt
1557 1816 1604 1853 et
1622 1805 1805 1870 cupidi,

388 1882 693 1946 concupitam
712 1883 948 1947 virginem
967 1893 1013 1929 et
1031 1882 1113 1928 diu
1134 1894 1428 1946 expectatam
1450 1883 1697 1949 denegavit
1718 1901 1810 1931 no-

387 1959 620 2008 bilissimo
637 1962 821 2025 juveni.
849 1960 987 2008 Unde
1013 1962 1158 2008 iratus
1184 1979 1293 2007 cum
1309 1961 1457 2009 fratre
1475 1979 1560 2009 suo
1583 1962 1641 2008 ad
1659 1961 1810 2010 rebel-

391 2038 568 2085 lionem
600 2039 824 2085 incitatus
854 2049 948 2096 est,
984 2057 1187 2105 eumque
1212 2057 1381 2104 magna
1413 2058 1520 2104 pars
1544 2039 1811 2104 Anglorum

392 2127 439 2162 ct
469 2116 753 2163 Guallorum
782 2127 936 2164 secuta
965 2128 1046 2164 est.
1084 2118 1289 2164 Fervens
1321 2117 1530 2165 adfectus
1562 2128 1662 2164 erat
1683 2135 1812 2181 prae—

392 2193 501 2240 fatis
527 2193 754 2240 fratribus
783 2213 889 2259 erga
915 2194 998 2240 Dei
1031 2195 1215 2241 cultum
1241 2206 1288 2241 et
1316 2195 1559 2242 bonorum
1589 2212 1813 2242 reveren—

394 2272 508 2316 tiam
542 2270 809 2318 hominum.
840 2272 958 2317 Erat
981 2272 1047 2317 eis
1079 2272 1242 2337 ingens
1265 2271 1604 2336 pulchritudo,
1636 2270 1813 2319 nobilis

395 2360 442 2395 et
459 2350 611 2414 ampla
633 2351 878 2415 cognatio,
903 2350 994 2397 late
1019 2350 1177 2397 valens
1197 2360 1494 2414 potentatus,
1523 2360 1570 2396 et
1592 2350 1738 2395 nimia
1763 2350 1812 2395 in

394 2444 472 2473 cos
492 2427 799 2491 popularium
818 2426 1027 2474 dilectio.
1053 2427 1092 2473 A
1118 2426 1299 2473 clericis
1319 2437 1365 2473 et
1382 2426 1627 2473 monachis
1649 2424 1813 2472 crebra

395 2522 485 2567 pro
501 2505 593 2551 illis
608 2504 750 2551 fiebat
765 2506 920 2551 oratio
935 2540 947 2560 ‚
971 2515 1017 2551 et
1035 2523 1059 2550 a
1079 2503 1230 2550 turbis
1255 2522 1517 2568 pauperum
1536 2503 1811 2568 quotidiana

397 2584 694 2646 suppiicatio.

446 2766 493 2802 (ι)
520 2767 569 2797 (Ic
592 2778 715 2809 prinm-
737 2767 785 2798 ίίιι
810 2765 937 2811 depuis
955 2764 986 2798 lv
1005 2765 1057 2798 roi
1080 2765 1193 2798 Henri
1214 2764 1269 2797 1⁰¹.
