1951 3194
465 338 541 375 268
830 334 1071 373 HISTORIA
1104 334 1507 374 ECCLESIASTICA.

531 414 640 462 XV.
660 414 799 460 Nunc
813 413 930 459 mihi
947 413 1064 459 libet
1080 412 1189 459 huic
1203 413 1434 477 opusculo
1448 423 1615 461 nostro
1629 413 1881 479 quamdam

465 491 873 538 abbreviationem
916 491 1121 538 inserere
1136 527 1149 548 ‚
1196 508 1339 555 quam
1388 501 1585 556 rogante
1623 492 1880 539 venerabili

464 569 661 617 Vulsino
697 570 857 633 priore
892 587 1046 634 nuper
1078 569 1166 616 feci
1205 569 1261 615 de
1296 569 1389 614 vita
1433 569 1480 615 S.
1524 568 1743 615 Guthlaci
1775 588 1882 618 ere-

465 649 613 694 mitae.
631 647 762 694 Felix
776 646 988 712 quidam,
1007 647 1150 695 Orien
1158 648 1323 693 talium
1335 647 1602 712 Anglorum
1616 648 1879 712 episcopus,

464 727 658 773 natione
676 726 870 791 quidem
888 725 1189 791 Burgundus,
1208 727 1285 773 sed
1303 726 1551 772 sanctitate
1568 724 1879 780 venerandus,

464 802 608 850 edidit
634 813 758 868 gesta
783 803 1060 849 sanctissimi
1085 802 1374 850 anachoritae
1392 802 1583 867 prolixo
1602 812 1649 848 et
1668 801 1883 866 aliquan»

464 881 619 927 tulum
648 880 852 929 obscuro
885 880 1066 927 dictatu
1089 882 1157 944 (1)
1173 900 1185 937 ;
1220 899 1328 946 quae
1360 899 1450 945 pro
1476 898 1612 945 posse
1638 897 1744 927 meo
1770 879 1883 926 bre-

464 959 586 1005 viter
605 956 855 1004 dilucidavi
870 994 882 1015 ‚
906 958 1112 1003 fratrum
1132 956 1342 1022 benigno
1365 967 1534 1021 rogatu
1548 993 1560 1014 ,
1584 975 1692 1003 cum
1710 956 1883 1022 quibus

463 1036 676 1100 quinque
699 1035 971 1099 septimanis
999 1035 1267 1081 Crulandiae
1294 1045 1616 1081 commoratus
1640 1052 1742 1080 sum
1759 1070 1770 1089 ‚
1798 1051 1883 1080 ve-

462 1109 686 1158 nerabilis
721 1110 956 1159 Goisfredi
994 1109 1175 1156 abbatis
1218 1111 1465 1157 caritativo
1499 1114 1648 1174 jussu.
1691 1110 1884 1156 Occasio

464 1188 688 1253 loquendi
728 1189 785 1236 de
817 1188 957 1236 beato
993 1189 1187 1236 eremita
1220 1206 1315 1235 sese
1346 1189 1525 1235 obtulit
1557 1198 1735 1236 nostrae
1770 1205 1885 1234 nar-

464 1268 639 1314 rationi
676 1285 761 1332 per
794 1267 1076 1315 Guallevum
1107 1268 1357 1324 comitem,
1395 1268 1476 1332 qui
1512 1266 1631 1313 fidus
1659 1266 1806 1313 frater
1838 1277 1885 1313 et

464 1346 653 1410 adjutor
677 1346 836 1394 extitit
857 1345 1192 1393 Crulandensis
1217 1346 1517 1403 monasterii,
1540 1346 1662 1392 sicut
1685 1363 1739 1392 ex
1762 1344 1886 1391 rela-

465 1424 597 1470 tione
620 1425 865 1472 seniorum
888 1425 1118 1470 veraciter
1145 1423 1380 1470 intimabo
1406 1424 1452 1470 in
1479 1423 1603 1470 calce
1622 1422 1761 1485 hujus
1785 1422 1885 1485 epi-

465 1501 599 1547 tomii
623 1501 716 1564 (2).
744 1499 1078 1547 Indubitanter
1102 1500 1243 1548 credo
1262 1499 1391 1566 quod
1414 1517 1513 1547 non
1531 1500 1688 1546 minus
1708 1497 1886 1563 prode-

464 1588 579 1624 runt
607 1578 824 1626 fidelibus
849 1579 1097 1643 Cisalpinis
1123 1589 1280 1625 sancta
1305 1589 1429 1643 gesta
1455 1578 1885 1624 transmarinorum

467 1656 708 1703 Saxonum
732 1657 805 1703 vel
828 1657 1095 1722 Anglorum
1112 1693 1124 1712 ‚
1146 1675 1287 1722 quam
1313 1659 1594 1704 Graecorum
1613 1657 1686 1704 vel
1710 1658 1885 1720 AEgyp-

469 1735 665 1790 tiorum,
694 1733 751 1780 de
775 1733 951 1798 quibus
975 1734 1176 1798 prolixae
1190 1771 1205 1793 ,
1230 1735 1310 1781 sed
1329 1733 1645 1790 delectabiles,
1668 1749 1887 1780 commo-

465 1812 632 1877 daeque
657 1813 933 1860 collationes
961 1812 1130 1860 crebro
1158 1814 1399 1878 leguntur,
1429 1822 1664 1877 congestae
1692 1821 1885 1857 sancto-

467 1908 575 1935 rum
600 1889 756 1937 studio
775 1890 1048 1938 doctorum.
1072 1892 1303 1938 Praeterea
1328 1908 1438 1937 reor
1455 1890 1582 1955 quod
1606 1900 1788 1954 quanto
1811 1906 1883 1935 res

467 1966 568 2013 haec
587 1968 744 2013 minus
764 1968 880 2014 olim
898 1968 1189 2015 nostratibus
1207 1969 1377 2033 patuit,
1399 1978 1534 2015 tanto
1552 1968 1758 2013 caritatis
1778 1967 1884 2031 igne

466 2045 761 2093 ferventibus
776 2082 787 2101 ,
810 2058 856 2093 et
875 2065 964 2110 pro
986 2049 1230 2094 transactis
1250 2046 1457 2094 reatibus
1478 2065 1535 2094 ex
1553 2046 1724 2093 intimo
1743 2045 1884 2093 corde

467 2121 741 2169 dolentibus
763 2124 1014 2187 gratiosius
1039 2123 1256 2187 placebit.

533 2200 609 2264 [67
619 2200 680 2263 5]
692 2202 929 2264 Tempore
939 2200 1182 2248 Ethclredi
1198 2202 1320 2266 regis
1330 2201 1591 2265 Anglorum
1606 2197 1885 2264 (3)Gutl1la-

469 2296 549 2324 cus
569 2296 622 2325 ex
643 2290 774 2342 patre
793 2279 1030 2326 Penvaldo
1049 2280 1107 2325 ab
1127 2281 1311 2344 origine
1325 2279 1439 2325 lcles
1457 2278 1555 2325 heri
1572 2278 1879 2333 Merciorum,

469 2367 621 2402 matre
639 2373 752 2402 vero
774 2357 912 2402 Tetta
933 2367 1068 2402 natus
1088 2367 1155 2403 est
1173 2376 1185 2412 ;
1209 2374 1305 2421 quo
1326 2365 1547 2402 nascente
1566 2355 1755 2401 coeleste
1772 2371 1884 2419 pro-

514 2480 564 2525 (1)
589 2480 782 2514 L’histoire
806 2479 851 2513 dc
870 2480 964 2514 saint
978 2480 1142 2515 Guthlae
1166 2493 1211 2514 ne
1235 2487 1322 2527 peut
1338 2480 1434 2515 avoir
1452 2482 1510 2515 ete'
1530 2481 1642 2514 ecrite
1660 2492 1725 2526 par
1742 2491 1782 2513 cc
1799 2479 1883 2524 pre—

469 2539 529 2582 lat,
546 2540 609 2586 qui
627 2539 683 2573 fut
693 2539 819 2586 appele
838 2541 857 2574 a
874 2539 1083 2586 l’cpiscopat
1098 2552 1162 2586 par
1175 2540 1354 2586 Sigcbcrt,
1373 2540 1426 2573 roi
1443 2538 1665 2584 d’listanglie
1678 2535 1883 2583 (629-632);

469 2599 558 2633 mais
573 2598 640 2633 elle
657 2606 712 2633 est
731 2599 912 2645 l'ouvragc
928 2599 1014 2633 ‹ruu
1037 2606 1141 2633 autre
1162 2599 1272 2641 Feli&
1293 2598 1444 2646 disciple
1465 2598 1509 2632 dc
1527 2597 1735 2638 Theodore,
1755 2595 1883 2629 archc-

468 2659 582 2704 xfiquc
598 2658 643 2693 (lc
664 2658 893 2704 Canterbury
913 2665 950 2692 et
969 2658 1090 2693 moine
1108 2659 1152 2692 dc
1169 2660 1322 2702 Jarrow,
1343 2659 1406 2705 qui
1426 2657 1579 2692 Feci-ivit
1595 2668 1672 2690 vers
1699 2654 1731 2688 lc
1758 2654 1884 2688 milieu

468 2717 518 2750 «lu
537 2726 614 2750 vnic
633 2717 750 2751 siecle.
773 2717 946 2751 Mabillon
973 2717 1015 2751 l⁷a
1045 2718 1184 2752 inseret·
1210 2717 1296 2751 dans
1323 2716 1372 2751 les
1390 2718 1486 2751 Acta
1508 2716 1574 2750 SS.
1598 2713 1677 2748 ord.
1702 2714 1739 2747 S.
1761 2713 1882 2747 Bene-

469 2776 574 2811 ‹lit-ti.
596 2790 681 2810 κατ.
705 2788 741 2809 111
756 2804 763 2818 ‚
787 2777 824 2810 P.
849 2789 869 2809 1.

517 2837 564 2879 (τὶ)
595 2837 689 2869 Lisvz
710 2839 880 2881 epitomum
900 2850 945 2871 (ιιι
966 2840 1141 2882 epitatus&

516 2894 562 2936 (ἶ)
594 2887 782 2937 thila-lim,
806 2909 856 2929 roi
883 2897 926 2929 ‹lc
950 2897 1081 2930 Mcreie
1100 2895 1297 2942 (675—705).
