1951 3194
401 241 476 279 *134
762 236 1006 275 HISTORIA
1039 235 1439 273 ECCLESIASTICA.

462 318 644 367 Deinde
676 333 803 362 anno
841 315 899 361 ab
934 316 1262 361 incarnatione
1294 315 1485 362 Domini
1522 325 1574 361 Μ0
1597 323 1643 362 c⁰
1663 325 1710 361 x⁰
1734 325 1805 371 11⁰,

399 398 660 444 indictione
685 402 753 453 va,
792 410 920 440 anno
952 393 1130 440 scilicet
1153 403 1241 440 Χιιο
1267 392 1458 440 Henrici
1490 393 1611 457 regis
1637 394 1810 458 Anglo-

396 492 504 521 rum
520 509 532 529 ‚
556 482 601 519 et
621 481 794 536 quarto
814 470 1043 517 Ludovici
1062 471 1182 536 regis
1201 471 1515 526 Francorum,
1540 469 1661 517 idem
1680 471 1811 517 Guil-

396 552 564 598 lelmus
578 587 590 610 ,
611 566 739 595 anuo
761 558 839 595 xL⁰
857 566 914 595 ex
938 566 1035 614 quo
1054 547 1372 595 monachilem
1390 547 1553 594 cellam
1573 548 1697 612 apud
1712 548 1810 595 No-

395 647 489 675 run
525 637 761 691 coeperat,
782 627 978 673 Uticum
1002 626 1156 682 venit,
1194 637 1240 671 et
1273 626 1483 689 ant-iquae
1513 625 1733 671 amicitiae
1761 643 1813 671 ac

396 706 635 754 donorum
654 707 775 770 (quae
792 722 929 769 supra
952 705 1156 750 diximus
1171 721 1281 750 eum
1303 703 1501 767 dedisse)
1520 703 1811 759 recordatus,

397 784 557 831 omnia
575 783 828 839 recensuit,
850 793 895 829 et
917 782 962 827 in
984 792 1224 828 conventu
1242 781 1589 828 monachorum
1607 782 1814 846 generali

399 861 702 909 concessione
722 877 831 906 cum
853 859 1041 906 Leelina
1064 875 1212 905 uxore
1241 876 1317 904 sua
1340 857 1659 906 confirmavit.
1679 859 1817 904 Tunc

399 942 541 987 etiam
559 939 804 1002 Philippus
828 948 873 984 et
899 939 980 984 lvo
1008 947 1150 1000 atque
1172 936 1401 982 Arnulfus
1430 935 1513 982 filii
1536 939 1633 1000 ejus
1650 973 1662 992 ‚
1685 936 1820 1000 quid-

399 1017 515 1083 quid
544 1027 677 1082 pater
704 1033 870 1062 eorum
895 1013 1139 1061 monachis
1168 1015 1214 1059 S.
1247 1014 1433 1060 Ebrulfi
1460 1014 1675 1071 dederat,
1707 1032 1820 1061 con-

402 1104 659 1150 cesserunt,
681 1105 727 1139 et
750 1093 933 1139 donum
955 1109 1093 1155 super
1120 1092 1263 1138 altare
1283 1107 1447 1138 omnes
1466 1093 1645 1155 pariter
1666 1113 1675 1139 :
1699 1094 1821 1139 Wil-

404 1173 569 1219 lelmus
585 1182 632 1217 et
650 1170 856 1225 Leelina,
874 1179 920 1215 et
938 1180 1032 1216 tres
1046 1168 1129 1214 filii
1149 1186 1339 1216 eorum:
1357 1169 1601 1233 Philippus
1616 1180 1662 1216 et
1680 1172 1761 1216 lvo
1777 1182 1824 1216 et

403 1249 637 1296 Arnulfus
657 1258 937 1312 posuerunt..
960 1249 1013 1293 ln
1031 1246 1227 1311 praefata
1247 1246 1359 1293 cella
1386 1249 1484 1309 jam
1502 1258 1708 1311 quatuor
1729 1248 1826 1311 epi-

405 1343 661 1390 scoporum
677 1335 892 1388 tempore
911 1345 920 1369 :
940 1322 1170 1371 Rodberti
1187 1324 1364 1371 scilicet
1378 1342 1430 1370 ac
1446 1324 1661 1383 Gerardi,
1677 1325 1827 1372 Serlo·

407 1406 480 1450 nis
499 1415 546 1450 et
559 1402 808 1458 Johannis,
833 1403 914 1466 qui
932 1402 1138 1465 Sagiensi
1156 1402 1396 1466 episcopio
1416 1403 1716 1466 praefuerunt
1734 1404 1824 1466 (1),

412 1481 684 1530 Rodbertus
709 1480 876 1526 Calvus
907 1490 954 1527 et
981 1479 1257 1526 Goisfredus
1284 1497 1336 1526 ac
1361 1480 1629 1540 Ascelinus,
1657 1481 1830 1545 aliique

410 1561 571 1625 plures
588 1559 794 1624 religiosi
814 1557 1037 1604 monachi
1057 1556 1408 1613 habitaverunt,
1427 1567 1473 1604 et
1493 1559 1541 1604 in
1558 1559 1641 1604 Dei
1659 1559 1830 1605 timore

415 1656 520 1684 cum
535 1638 728 1682 caritate
741 1637 1062 1699 persistentes,
1076 1633 1271 1697 plebeiis
1288 1635 1556 1698 exemplum
1574 1635 1831 1682 honestatis

418 1716 733 1760 inseruerunt
751 1709 1039 1774 Saepedictus
1055 1727 1247 1774 quoque
1261 1709 1541 1757 Guillelmus
1559 1712 1703 1775 longo
1720 1722 1834 1757 tem-

417 1808 535 1855 pore
556 1789 698 1844 vixit,
722 1804 949 1851 pauperes
975 1797 1022 1833 et
1038 1787 1218 1833 clerum
1241 1786 1503 1846 honorans,
1525 1789 1834 1854 eleemosynis

421 1868 629 1923 studuit,
658 1868 705 1911 in
731 1865 932 1912 adversis
962 1882 1013 1911 ac
1039 1865 1276 1929 prosperis
1299 1866 1627 1930 magnanimus
1657 1868 1834 1931 viguit,

425 1945 702 2009 cunctisque
724 1943 938 1991 hostibus
957 1943 1152 2002 fortior,
1175 1943 1352 1989 divitiis
1372 1953 1417 1990 et
1443 1943 1707 1990 honoribus
1738 1946 1837 2010 pol-

425 2025 527 2072 lens
545 2022 810 2087 praevaluit.
830 2022 902 2069 Ad
921 2020 1234 2068 inchoandam
1252 2038 1366 2068 vero
1384 2038 1556 2068 novam
1572 2021 1807 2069 basilicam
1820 2059 1833 2080 ,

428 2121 487 2149 Lx
505 2117 688 2148 marcos
705 2101 885 2164 argenti
907 2100 1129 2164 erogavit.
1146 2099 1524 2146 Pulcherrimum
1540 2118 1658 2165 opus
1675 2101 1732 2148 ad
1750 2103 1837 2149 Dei

429 2179 673 2227 inchoavit
698 2177 884 2224 laudem
900 2213 912 2233 ,
941 2177 1019 2224 sed
1044 2187 1199 2223 morte
1223 2188 1493 2240 praeventus
1517 2178 1744 2242 perficere
1763 2197 1841 2226 ne-

431 2256 602 2321 quivit.
624 2256 776 2301 Porro
796 2254 880 2300 filii
908 2256 1004 2317 ejus
1029 2255 1374 2318 patrimonium
1397 2255 1550 2319 adepti
1570 2266 1682 2302 sunt
1705 2277 1715 2301 :
1739 2255 1843 2302 Phi-

432 2336 588 2399 lippus
622 2333 671 2378 in
704 2332 998 2379 Normannia
1019 2368 1031 2389 ,
1065 2343 1111 2378 et
1149 2332 1417 2379 Rodbertus
1458 2334 1505 2379 in
1536 2333 1731 2398 Anglia3
1765 2334 1843 2381 sed

434 2412 611 2457 virtute
634 2409 734 2472 pari
761 2417 952 2471 paterna
979 2409 1226 2473 negligunt
1248 2410 1462 2456 assectari
1489 2409 1752 2457 molimina.

482 2561 531 2604 (1)
558 2558 698 2593 Robert
717 2556 963 2605 (1070-1082).

484 2618 620 2652 Girard
641 2615 968 2662 (1082—25janvicr
989 2619 1100 2663 ¹⁰9¹)-

486 2676 611 2710 Serlon
630 2677 687 2720 (2¹).
704 2676 786 2721 juin
804 2687 955 2722 1091-327
970 2675 1118 2710 octobre
1141 2676 1251 2716 1118).

484 2738 570 2769 joan
595 2737 631 2768 ΕΝ
651 2736 751 2769 'avril
777 2739 899 2777 1124*
915 2735 1001 2779 143).
