1951 3194
374 247 449 286 -1158
739 247 982 285 HISTORIA
1013 246 1411 286 ECCLESIAsTlm.
1643 253 1782 300 [1118]

437 326 538 370 Fili
556 326 816 381 carissime,
839 341 977 388 quem
996 326 1171 371 nutrivi
1188 325 1432 381 deliciose,
1451 328 1615 374 volens
1636 328 1782 375 licere-

374 402 481 448 ‹lem
505 414 547 447 et
568 418 884 447 successorem
907 419 1057 447 meum
1085 402 1185 448 Deo
1205 414 1248 448 et
1270 402 1536 450 hominibus
1558 417 1784 471 accepta-

375 479 515 524 bilem
554 478 812 541 relinquere
830 501 850 533 ,·
886 497 1013 525 nune
1059 496 1115 524 ea
1153 496 1262 542 quce
1298 491 1340 524 te
1379 497 1543 526 moneo
1583 481 1783 528 devotis-

374 560 511 612 sime,
551 559 743 602 retineto
772 558 1098 603 intentissime.
1131 558 1192 602 In
1217 559 1386 623 primis
1417 558 1573 604 Deum
1605 577 1788 624 semper

375 644 417 678 et
445 650 591 698 super
616 634 781 679 omnia
804 634 968 698 dilige.
995 634 1274 698 Pontificem
1301 646 1432 681 tuum
1459 646 1503 681 et
1532 652 1704 698 regem,
1735 648 1787 682 ut

369 721 599 774 patronos
638 722 753 768 tuos,
789 712 915 768 time,
951 728 1207 766 venerare;
1241 728 1492 776 eorumque
1512 716 1780 778 praeceptis,

370 799 515 851 prout
557 788 758 851 poteris,
807 805 866 833 ne
909 788 1207 835 obliviscaris
1248 788 1456 835 obedire.
1493 789 1589 834 Pro
1626 806 1787 836 eorum

367 868 687 929 prosperitate
718 865 928 928 quotidie
962 867 1118 911 Deum
1153 865 1432 931 deprecare,
1463 878 1512 912 ut
1542 867 1719 913 meritis
1745 879 1788 913 et

377 944 573 989 tuitione
597 943 705 988 boni
716 943 946 1008 praesulis
959 961 1134 1008 perpes
1156 945 1291 990 salus
1316 946 1456 990 detur
1473 947 1650 991 animce
1671 956 1784 1001 tuce,

376 1031 417 1064 et
426 1019 632 1084 pacifici
652 1022 777 1084 regis
800 1020 1122 1067 moderamine
1132 1023 1294 1086 possis
1317 1022 1622 1086 temporalem
1644 1022 1789 1069 liono-

376 1115 470 1144 rem
493 1100 651 1162 quiete
681 1109 725 1143 et
747 1099 882 1163 juste
904 1099 1173 1163 possidere.
1209 1099 1497 1146 Hominibus
1523 1103 1615 1146 tuis
1630 1100 1788 1160 fidem

377 1193 522 1238 quam
546 1175 686 1222 debes
710 1175 904 1234 eoeliibe,
933 1177 1111 1240 eisque,
1143 1193 1239 1222 non
1271 1188 1319 1221 ut
1347 1187 1605 1238 tyrannus,
1633 1176 1721 1222 sed
1741 1188 1789 1222 ut

376 1253 503 1298 mitis
513 1263 779 1317 patronus,
807 1253 1073 1299 dominare.
1100 1253 1382 1299 Dominium
1403 1264 1534 1298 tuum
1553 1254 1602 1299 in
1630 1254 1786 1317 agris,

376 1329 661 1387 nemoribus,
682 1333 837 1394 pratis
861 1340 905 1376 et
923 1332 1075 1376 vineis
1090 1330 1356 1395 prudenter
1379 1347 1620 1387 conserva,
1648 1329 1790 1376 aliis-

377 1425 466 1471 que
482 1407 650 1455 dando
671 1409 882 1454 minuere
902 1409 1076 1456 devita.
1098 1410 1321 1473 Rapinas
1339 1407 1444 1455 noli
1459 1408 1789 1470 exercere;fu-

377 1502 448 1531 res
471 1497 514 1531 et
545 1497 761 1551 raptores
785 1504 817 1532 a
843 1497 883 1532 te
907 1488 1102 1551 penitus
1127 1485 1286 1550 abige.
1315 1487 1410 1532 Res
1437 1496 1543 1531 tuas
1578 1485 1789 1549 legitime

377 1562 587 1617 custodi,
619 1574 661 1608 et
696 1580 767 1609 res
797 1563 984 1610 alienas
1004 1581 1099 1629 per
1118 1563 1399 1610 violentiam
1427 1574 1470 1608 et
1497 1563 1789 1610 invasionem

378 1639 538 1685 tollere
560 1641 672 1685 noli.
705 1640 794 1686 His
820 1658 986 1706 nempe
1015 1641 1152 1687 rebus
1188 1643 1316 1686 venit
1345 1642 1442 1698 ira,
1473 1639 1649 1685 deinde
1679 1639 1785 1686 dis-

379 1718 548 1764 cordia
558 1740 578 1774 ,·
619 1732 884 1782 sequuntur
922 1719 1203 1775 latrocinia,
1248 1719 1406 1765 ecedes
1447 1729 1489 1763 et
1529 1717 1783 1774 incendia,

378 1796 561 1842 <lamna
593 1808 636 1841 et
665 1796 958 1852 homicidia,
995 1808 1037 1842 et
1067 1796 1169 1843 alia
1201 1796 1333 1842 mala
1353 1796 1487 1859 fiunt
1517 1796 1783 1841 innumera.

380 1874 585 1938 Sapiens
620 1885 716 1931 est,
747 1876 832 1937 qui
866 1892 1043 1920 causas
1080 1875 1340 1932 malorum,
1370 1890 1480 1938 quoe
1513 1873 1644 1919 videt
1673 1872 1787 1918 ciliis

377 1953 572 2009 evenire,
601 1969 660 1997 ne
682 1951 778 1997 sibi
800 1955 1098 2016 contingant,
1121 1955 1208 1998 seit
1224 1970 1509 2017 prceecwere.
1533 1951 1658 1997 Haec
1681 1969 1789 1998 mea

379 2030 569 2076 custodi
598 2030 766 2076 ultima
797 2030 1051 2076 mandata.
1091 2031 1296 2076 illatrem
1328 2041 1540 2077 nostram
1570 2040 1789 2075 Sanctam

378 2108 652 2154 Ecclesiam
679 2126 864 2172 semper
884 2108 1036 2172 dilige
1059 2120 1102 2153 et
1114 2110 1394 2172 frequenta.
1431 2107 1643 2153 Verbum
1666 2107 1783 2164 Dei,

379 2187 513 2249 quod
528 2187 662 2232 cibus
683 2197 751 2233 est
770 2189 947 2232 animae
966 2198 1008 2232 et
1022 2189 1139 2244 vita,
1162 2187 1352 2243 missas,
1374 2185 1676 2249 debitumque
1693 2185 1791 2231 Dei

377 2264 617 2308 servitium
658 2263 871 2327 quotidie
909 2273 1166 2310 reverenter
1202 2262 1444 2308 ausculta.
1488 2261 1656 2308 Servos
1693 2261 1790 2306 Dei

379 2339 534 2385 verbis
553 2351 598 2385 et
616 2340 837 2405 operibus
859 2340 1064 2395 lionora‚·
1085 2342 1298 2386 maxime
1315 2340 1535 2386 dominos
1553 2351 1595 2384 et
1597 2339 1787 2401 fratres

380 2429 559 2464 nostros
595 2418 868 2476 monachos,
906 2418 1050 2481 liujus
1083 2418 1319 2463 Ecclesia?
1355 2418 1612 2473 ministros,
1641 2426 1789 2480 prout

376 2498 568 2558 poteris,
589 2513 817 2541 venerare
835 2507 877 2540 et
901 2495 1084 2560 adjuva
1094 2517 1114 2549 ,·
1137 2495 1333 2541 consilio
1353 2505 1395 2539 et
1418 2492 1604 2539 auxilio
1629 2503 1724 2546 tuo,
1746 2494 1788 2537 si

379 2591 565 2619 neeesse
594 2573 862 2631 habuerint,
884 2585 1112 2619 sustenta.
1145 2574 1255 2630 Res,
1287 2590 1406 2636 quas
1425 2582 1570 2636 pater
1592 2587 1720 2615 meus
1744 2580 1787 2614 et

379 2667 467 2711 ego
502 2651 720 2697 dedimus
758 2653 824 2697 eis
861 2670 953 2715 pro
992 2662 1153 2696 nostrii
1193 2650 1348 2696 salute
1362 2686 1376 2705 Ι,
1421 2660 1468 2693 ut
1503 2649 1549 2692 in
1584 2662 1708 2711 paee
1744 2656 1786 2689 et

380 2728 530 2787 quirit*
559 2727 766 2773 babeam
800 2728 994 2775 libenter
1023 2727 1243 2773 eoncede-
1287 2727 1355 2771 He
1388 2725 1521 2771 iebus
1551 2733 1592 2768 et
1622 2721 1784 2767 reddi—
