1951 3194
426 310 505 346 276
790 305 1033 344 HISTORIA
1065 304 1469 345 ECCLESIASTICA.
1619 306 1832 356 [699-714]

423 387 667 434 nationem
702 385 855 449 gentis
890 400 986 429 suae
1025 393 1072 430 et
1106 384 1428 448 principatum
1462 386 1752 450 populorum
1785 394 1834 430 et

422 463 833 511 conculcationem
858 461 1165 507 inimicorum
1183 479 1196 517 3
1226 471 1272 508 et
1301 460 1401 508 haec
1432 464 1590 509 omnia
1621 479 1719 510 non
1753 479 1833 507 ar-

420 559 613 590 morum
636 542 707 596 vi,
732 557 819 587 nec
838 539 1067 586 effusione
1091 539 1356 604 sanguinis,
1385 539 1464 586 sed
1485 539 1542 587 de
1568 558 1714 586 manu
1732 542 1834 587 Do·-

421 620 540 665 mini
580 616 873 664 habiturum.
910 619 981 663 Eo
1016 627 1185 663 cuncta
1223 617 1391 664 ordine
1427 618 1660 682 completa
1696 627 1830 673 sunt,

421 715 519 762 quo
552 716 575 743 a
605 697 712 744 viro
746 697 829 743 Dei
865 697 1112 742 vaticinata
1147 707 1274 741 sunt.
1314 695 1435 742 Nam
1467 696 1721 744 Ceolredus
1753 713 1834 743 rex

419 785 639 821 mortuus
671 784 766 829 est,
798 791 851 819 ac
882 772 1162 819 Edelbaldus
1192 791 1395 837 regnum
1428 776 1526 837 ejus
1554 785 1718 820 nactus
1746 783 1831 820 est.

486 852 745 916 Completis
780 852 828 898 in
861 869 1020 898 eremo
1045 867 1108 896 xv
1138 851 1299 908 annis,
1332 851 1615 898 venerabilis
1639 850 1837 898 Guthla-

421 948 501 976 cus
524 941 634 976 ante
666 928 837 975 Pascha
867 939 1033 993 quarta
1055 927 1171 975 feria
1197 939 1427 994 {egrotare
1455 930 1634 992 coepit3
1661 928 1737 976 die
1764 939 1839 974 ta-

421 1024 530 1053 men
556 1004 743 1052 Paschae
767 1016 933 1052 contra
958 1005 1080 1051 vires
1107 1023 1384 1069 exsurgens,
1406 1006 1594 1051 missam
1615 1007 1835 1051 cantavit.

419 1085 629 1149 Septima
654 1100 767 1130 vero
791 1084 866 1130 die
892 1083 1181 1129 infirmitatis
1207 1084 1370 1130 Beccel
1398 1083 1578 1130 famulo
1601 1101 1685 1131 suo
1701 1084 1840 1147 jussit

422 1175 471 1209 ut
497 1174 605 1227 post
628 1161 817 1208 obitum
841 1178 980 1207 suum
999 1164 1164 1225 Pegarn
1191 1178 1405 1208 sororem
1424 1179 1556 1207 suam
1574 1162 1686 1207 illuc
1707 1160 1839 1208 adve-

423 1242 525 1286 nire
551 1240 752 1295 faceret,
783 1250 830 1285 et
854 1237 912 1284 ab
940 1238 1017 1284 illa
1046 1255 1218 1302 corpus
1251 1241 1349 1302 ejus
1377 1238 1577 1286 sindone
1602 1239 1652 1284 in
1677 1256 1836 1286 sarco-

419 1318 593 1382 phago,
613 1335 756 1382 quam
779 1315 975 1381 Eghurg
1000 1316 1067 1363 illi
1090 1317 1307 1376 miserat,
1330 1317 1670 1364 involveretur.
1699 1317 1837 1362 Tunc

423 1396 501 1442 ille
533 1396 683 1460 coepit
712 1395 870 1440 virum
894 1395 978 1441 Dei
1004 1411 1113 1440 cum
1136 1394 1430 1459 adjuratione
1453 1411 1621 1459 rogare
1646 1403 1701 1439 ut
1729 1404 1838 1440 ante

422 1491 562 1519 suum
578 1473 722 1519 funus
739 1472 826 1518 sibi
849 1473 1092 1519 intimaret
1109 1473 1213 1537 quis
1231 1490 1339 1519 cum
1358 1490 1413 1520 eo
1430 1490 1567 1520 mane
1583 1481 1630 1519 et
1647 1490 1839 1536 vespere

423 1553 554 1616 loqui
568 1551 781 1616 quotidie
792 1550 1082 1598 audiebatur.
1096 1551 1260 1597 Almus
1277 1551 1359 1597 Dei
1371 1550 1562 1606 athleta,
1580 1561 1686 1615 post
1697 1549 1841 1597 modi-

427 1647 536 1675 cum
556 1628 877 1685 intervallum,
898 1628 1121 1676 anhelans
1136 1629 1224 1675 ait:
1242 1629 1345 1674 Fili
1359 1630 1450 1686 mi,
1467 1629 1529 1675 de
1541 1628 1636 1675 ltac-
1653 1646 1702 1674 re
1711 1628 1843 1675 solli-

427 1712 568 1755 citari
589 1708 703 1754 noli.
734 1707 883 1772 Quod
901 1709 1062 1754 vivens
1085 1707 1174 1753 ulli
1186 1707 1433 1754 hominurn
1452 1706 1673 1753 indicare
1685 1707 1839 1764 nolui,

427 1804 554 1832 nunc
579 1786 667 1832 tibi
687 1785 1030 1846 manifestabo.
1062 1787 1111 1830 A
1134 1785 1347 1831 seeundo
1375 1786 1546 1830 etenim
1575 1802 1720 1838 αηηο,
1748 1802 1843 1848 quo

427 1864 554 1909 Itane
565 1879 767 1907 eremum
780 1862 1000 1907 habitare
1014 1878 1269 1925 coeperam,
1282 1878 1422 1907 mane
1435 1878 1718 1926 vespereque
1727 1877 1842 1906 sem-

423 1940 597 2005 per(1>
618 1939 961 1986 consolationis
975 1938 1176 1985 mecead
1188 1939 1481 2003 colloquium
1500 1956 1656 1984 meum
1675 1939 1842 1985 Domi-

428 2037 517 2065 nus
537 2017 768 2076 mittebat,
790 2019 875 2081 qui
889 2017 1010 2063 milti
1023 2019 1272 2079 mysteria,
1293 2035 1402 2081 quce
1419 2033 1514 2063 non
1534 2017 1644 2063 lieet
1661 2016 1844 2063 homini

428 2112 669 2151 enarrare,
690 2094 1016 2150 monstrabat;
1033 2097 1114 2158 qui
1129 2094 1361 2140 duritiam
1375 2093 1550 2139 laboris
1570 2094 1666 2139 mei
1680 2093 1841 2139 eoeles-

429 2172 552 2219 tibus
584 2172 798 2218 oraculis
828 2171 1137 2226 subleoabat;
1168 2172 1253 2235 qui
1283 2170 1501 2217 absentia
1533 2169 1654 2216 milti
1677 2187 1837 2214 mons-

429 2248 602 2294 trando
630 2260 679 2293 ut
700 2249 961 2312 praesentia
989 2247 1332 2312 praesentabat.
1363 2247 1406 2293 O
1423 2246 1536 2310 fili,
1571 2245 1674 2292 lzoee
1705 2245 1839 2291 dieta

429 2345 536 2372 mea
552 2342 801 2382 conserva,
823 2325 1040 2388 nullique
1056 2326 1143 2371 alii
1161 2324 1448 2370 nuntiaveris
1466 2323 1564 2368 nisi
1579 2323 1732 2386 Pegce
1755 2332 1841 2367 aut

429 2403 640 2467 Egberto
661 2400 981 2467 anachoritae..
995 2401 1075 2447 His
1095 2401 1249 2457 dictis,
1272 2400 1422 2445 suavis
1434 2399 1555 2446 odor
1567 2398 1624 2445 de
1639 2415 1721 2445 ore
1740 2399 1839 2461 ejus

427 2480 703 2545 processisse
723 2478 1030 2533 sentiebatur,
1060 2479 1121 2524 ita
1142 2488 1195 2523 ut
1217 2488 1366 2524 totam
1383 2476 1580 2523 domum
1596 2486 1840 2522 nectareus

428 2559 548 2605 odor
566 2557 788 2621 repleret.
812 2555 963 2602 Nocte
980 2572 1094 2602 vero
1112 2557 1346 2621 sequenti,
1371 2555 1484 2601 dum
1503 2553 1726 2618 praefatus
1746 2552 1841 2598 fra-

475 2756 523 2799 (ι)
550 2756 699 2799 Ajoutez
721 2756 765 2788 ici
786 2754 816 2788 le
833 2761 907 2788 mot
929 2771 933 2786 ·.
959 2755 1149 2798 angelum.
1172 2766 1243 2801 que
1262 2761 1368 2788 notre
1387 2759 1513 2788 auteur
1527 2762 1544 2783 a
1562 2749 1685 2784 oublit-
1700 2749 1788 2785 dans
1804 2749 1838 2784 la

430 2815 684 2860 transcriptioni
707 2814 750 2848 ile
769 2827 806 2847 cc
828 2826 984 2860 passaw*v
