1951 3194
143 263 263 308 [xxv0.
280 260 364 296 mic.
389 257 505 305 1066]
638 255 790 293 LIBER
819 254 1055 293 TERTIUS.
1483 258 1554 292 157

140 339 530 385 Normannorum
567 336 615 382 in.
652 353 811 400 regem
850 335 1122 400 Anglorum
1159 336 1474 392 consecravit,
1512 346 1559 381 et

139 414 345 461 diadema
371 414 554 479 regium
578 413 717 477 capiti
744 415 840 476 ejus
866 412 1092 476 imposuit
1114 412 1205 476 (ι).

202 492 387 538 Interea
412 491 665 555 instigante
688 489 854 535 Satana
871 524 883 544 ‚
909 488 989 553 qui
1016 487 1155 535 bonis
1179 489 1403 536 omnibus
1429 507 1553 538 con-

139 570 311 615 trarius
337 579 429 626 est,
458 569 730 632 importuna
754 585 828 614 res
848 567 1040 631 utrique
1064 567 1263 631 populo,
1289 578 1334 614 et
1357 578 1556 631 porten-

134 658 241 693 tum
255 647 431 693 futurae
449 645 723 692 calamitatis
741 662 797 691 ex
818 645 1077 709 improviso
1092 656 1313 691 exortum
1331 657 1416 693 est.
1433 647 1554 694 Nam

137 725 252 770 dum
276 724 533 771 Adelredus
555 723 729 787 praesul
755 722 1079 786 alloqueretur
1102 723 1280 787 Anglos
1298 759 1310 780 ,
1343 734 1390 770 et
1414 724 1556 772 Gois-

138 801 295 848 fredus
328 800 752 847 Constantiniensis
778 799 1112 854 Normannos,
1147 818 1204 846 an
1236 800 1555 848 concederent

137 879 447 926 Guillelmum
470 895 667 943 regnare
689 896 830 942 super
853 895 900 924 se
918 913 930 933 .,
959 888 1005 924 et
1028 877 1234 924 universi
1270 895 1554 925 consensum

137 956 333 1003 hilarem
361 966 742 1020 protestarentur
772 973 863 1001 una
894 973 1037 1012 voce,
1069 973 1168 1003 non
1205 956 1345 1002 unius
1377 956 1552 1021 linguae

137 1034 405 1091 locutione3
428 1034 593 1080 armati
628 1033 825 1090 milites,
852 1034 933 1097 qui
966 1033 1256 1081 extrinsecus
1291 1046 1427 1081 erant
1463 1054 1553 1099 pro

130 1129 330 1158 >suorum
360 1112 589 1169 tuitione,
617 1129 728 1158 mox
747 1122 800 1157 ut
817 1110 1208 1158 vociferationem
1238 1113 1485 1177 gaudentis
1504 1114 1553 1158 in

136 1190 323 1236 ecclesia
338 1189 504 1253 populi
530 1199 576 1236 et
600 1190 776 1253 ignotze
799 1189 973 1253 linguae
994 1190 1248 1253 strepitum
1268 1189 1547 1246 audierunt,

131 1284 236 1313 rem
255 1267 492 1312 sinistram
511 1265 746 1318 arbitrati,
764 1266 1003 1313 flammam
1020 1267 1201 1314 aedibus
1222 1269 1551 1332 imprudenter

137 1345 416 1407 injecerunt.
442 1348 676 1391 Currente
700 1344 982 1392 festinanter
1001 1362 1086 1409 per
1105 1345 1272 1393 domos
1299 1347 1545 1403 incendio,

135 1421 268 1483 plebs
292 1439 396 1486 quae
424 1422 473 1467 in
502 1422 690 1469 ecclesia
716 1421 968 1469 laetabatur
996 1423 1301 1487 perturbata,
1339 1436 1384 1471 et
1420 1426 1549 1470 mul-

137 1499 290 1546 titudo
325 1500 539 1547 virorum
581 1518 633 1546 ac
675 1501 932 1547 mulierum
971 1501 1166 1548 diversae
1211 1501 1455 1567 dignitatis
1502 1514 1548 1549 et

133 1577 397 1641 qualitatis,
422 1578 691 1625 infortunio
722 1589 1007 1644 perurgente
1023 1616 1034 1635 ,
1059 1580 1276 1627 celeriter
1307 1579 1547 1626 basilicam

132 1672 308 1719 egressa
339 1667 423 1702 est.
452 1656 548 1702 Soli
576 1657 798 1721 praesules
824 1668 870 1704 et
896 1659 1031 1721 pauci
1060 1659 1218 1705 clerici
1246 1676 1354 1705 cum
1378 1677 1547 1706 mona—

133 1731 230 1778 chis
266 1734 470 1779 nimium
504 1734 789 1798 trepidantes
827 1747 936 1781 ante
969 1754 1097 1781 aram
1134 1737 1470 1800 perstiterunt,
1501 1747 1548 1783 et

132 1810 335 1857 officium
360 1813 726 1859 consecrationis
761 1813 908 1877 super‘
932 1831 1090 1877 regem
1114 1812 1419 1861 vehementer
1452 1825 1546 1861 tre-

133 1898 339 1934 mentem
359 1889 434 1934 vix
458 1900 769 1953 peregerunt,
794 1890 967 1954 aliique
985 1908 1105 1954 pene
1126 1908 1290 1937 omnes
1309 1890 1365 1936 acl
1385 1892 1539 1956 ignem

134 1964 272 2009 nimis
295 1964 534 2011 furentem
554 1979 893 2023 cucurrerunt,
915 1967 1107 2032 quidam
1128 1979 1180 2013 ut
1201 1969 1297 2014 vim
1318 1969 1409 2015 foci
1431 1970 1544 2014 viri-

134 2042 243 2088 liter
263 2052 506 2099 occarent,
529 2053 576 2089 et
597 2044 754 2106 plures
776 2055 827 2089 ut
854 2045 900 2090 in
923 2054 1052 2091 tanta
1075 2045 1435 2108 perturbatione
1453 2046 1539 2092 sibi

133 2120 312 2182 praedas
328 2120 606 2184 diriperent.
637 2122 775 2186 Angli
799 2122 1054 2170 factionem
1083 2134 1176 2169 tam
1198 2124 1446 2184 insperata}
1474 2126 1539 2169 rei

133 2197 428 2245 dimetientes
461 2199 602 2245 nimis
639 2201 743 2246 irati
779 2211 921 2257 sunt,
961 2212 1007 2247 et
1043 2212 1202 2265 postea
1239 2202 1542 2248 Normannos

135 2290 314 2336 semper
350 2286 586 2338 suspectos
624 2276 914 2333 habuerunt,
951 2289 999 2324 et
1033 2278 1203 2325 infidos
1240 2278 1327 2324 sibi
1363 2278 1541 2342 dijudi-

136 2359 290 2395 cantes
314 2351 509 2397 ultionis
538 2364 721 2417 tempus
745 2355 801 2401 de
826 2356 889 2402 eis
913 2367 1214 2420 optaverunt.

200 2427 309 2472 XV.
332 2427 607 2491 Susceptuin
629 2431 784 2495 itaque
806 2433 1059 2496 imperium
1077 2433 1362 2479 Guillelmus
1382 2450 1463 2478 rex
1491 2433 1538 2477 in

179 2634 229 2675 (ι)
254 2632 329 2666 Gai
358 2631 560 2674 &Amic-iffi,
592 2634 653 2679 qui
685 2635 747 2668 fait
767 2648 837 2669 une
857 2637 991 2682 longae
1010 2645 1045 2672 ct
1069 2638 1288 2672 minutieusc
1314 2637 1536 2685 description

133 2690 176 2724 ile
191 2690 220 2723 la
240 2703 424 2725 couronne
442 2690 485 2723 d<=
500 2692 726 2731 (I-uillaunw,
749 2694 1011 2741 :ijo11t‹²,q[1⁷elle
1028 2698 1082 2730 sut
1103 2696 1280 2742 l'onvrage
1295 2696 1382 2732 ‹l’un
1396 2698 1534 2732 orsevrr

132 2749 311 2793 byzantio.
