1951 3194
52 251 321 301 [1077-1078]
540 248 691 285 LIBER
721 246 959 295 QUINTUS.
1369 246 1438 283 381

51 330 203 394 gerius
237 327 423 373 Ricardi
448 327 504 373 de
531 326 774 374 Benefacta
800 325 921 371 filius
952 324 1055 387 (1),
1095 321 1360 369 Rodbertus
1392 324 1448 370 de

52 405 286 453 Molbraio
320 405 390 467 (2)
433 415 479 450 et
509 403 786 451 Guillelmus
819 402 875 448 de
902 400 1095 448 Molinis
1123 400 1220 463 (ὅ),
1249 399 1450 447 Guillel-

51 501 155 529 mus
180 481 237 528 de
261 481 464 544 Ruperia
489 481 558 543 (4)
574 516 586 535 ,
621 478 793 542 aliique
816 478 973 540 plures
1003 476 1311 541 generositate
1341 477 1453 540 pol-

53 561 218 616 lentes,
244 559 434 605 militari
457 557 693 621 probitate
718 555 945 618 insignes,
972 553 1189 618 superbia
1210 554 1454 615 immanes,

54 637 239 683 feritate
269 635 518 684 contrariis
550 630 761 680 hostibus
793 631 1055 688 terribiles,
1090 649 1141 677 ac
1169 632 1226 678 ad
1256 633 1456 679 arduum

56 714 184 761 nefas
211 712 527 760 inchoandum
551 710 692 756 nimis
715 726 952 774 procaces.
983 710 1167 755 Horum
1192 710 1458 758 contuber-

56 792 138 837 nio
156 788 424 837 Rodbertus
446 788 539 833 tiro
560 786 792 833 inutiliter
810 785 1006 849 stipatus
1025 796 1117 841 est,
1140 795 1187 832 et
1205 797 1358 833 extera
1377 805 1461 851 per

56 885 198 931 regna
210 867 358 913 ferme
372 865 584 929 quinque
595 864 729 910 annis
743 873 1016 927 pervagatus
1031 871 1098 909 est
1108 862 1176 925 (5)
1186 899 1195 908 .
1213 862 1463 927 Complici-

56 943 143 988 bus
161 943 252 988 suis
268 943 445 1006 patrios
458 943 556 1004 jam
571 940 711 1005 gratis
730 938 902 986 fundos
922 949 1236 995 concesserat,
1256 939 1461 1003 plurima

58 1035 249 1084 quoque
264 1017 562 1082 patrimoniis
578 1034 742 1063 eorum
760 1025 1008 1079 augmenta
1025 1015 1341 1079 nequicquam
1357 1034 1465 1080 pro-

58 1096 263 1142 miserat.
287 1093 359 1139 llli
384 1091 694 1139 nihilominus
717 1092 849 1137 vanis
869 1090 1084 1138 eumdem
1101 1090 1464 1154 pollicitationi-

59 1172 148 1218 bus
168 1171 467 1228 extulerunt,
489 1181 536 1217 et
560 1171 623 1216 sic
643 1186 737 1216 sese
756 1180 924 1216 mutuo
942 1167 1243 1214 mendacibus
1262 1169 1464 1232 promis-

61 1252 118 1296 sis
142 1249 443 1296 exhortantes
466 1249 768 1312 deceperunt.

127 1330 347 1392 Egressus
380 1328 536 1390 itaque
562 1325 830 1373 Rodbertus
862 1324 919 1371 de
950 1325 1092 1370 natali
1128 1325 1228 1372 solo
1258 1326 1467 1389 primum

64 1404 177 1451 adiit
200 1403 454 1449 avunculos
482 1420 588 1449 suos
620 1400 916 1448 Rodbertum
938 1402 1210 1448 Fresionem
1236 1412 1468 1466 satrapam

65 1480 424 1527 Flandrensium
437 1516 449 1536 ‚
477 1490 524 1525 et
550 1477 766 1525 Udonem
788 1494 1067 1542 germanum
1091 1479 1187 1540 ejus
1212 1477 1470 1542 archiprae-

66 1558 214 1603 sulem
240 1557 601 1603 Treverensium
620 1555 706 1618 (6).
731 1553 910 1601 Deinde
933 1553 1116 1600 nobiles
1138 1555 1252 1600 alios
1277 1556 1473 1618 expetiit

69 1643 291 1697 cognatos
314 1632 477 1687 duces,
506 1632 796 1694 comitesque
826 1641 873 1677 et
902 1639 1118 1693 potentes
1141 1630 1400 1694 oppidanos
1423 1632 1472 1676 in

69 1708 397 1772 Lotharingia,
419 1707 695 1755 Alemannia
709 1743 722 1764 ‚
743 1706 996 1771 Aquitania
1016 1716 1063 1753 et
1078 1707 1354 1754 wasconia.
1378 1707 1475 1753 Illis

69 1787 299 1834 nimirum
319 1803 419 1831 suas
437 1785 645 1850 querelas
665 1784 985 1848 deprompsit,
1010 1785 1059 1830 in
1081 1785 1253 1848 quibus
1272 1785 1383 1831 falsa
1403 1804 1477 1832 vc-

119 1950 168 1995 (1)
193 1949 316 1995 Roger
330 1949 374 1982 de
391 1947 577 1989 Biensaite‚
599 1948 661 1994 qui
676 1953 777 1992 requt
791 1958 854 1991 par
872 1946 902 1979 la
919 1946 1011 1979 suite
1026 1945 1057 1979 le
1074 1947 1248 1981 Hommet
1266 1959 1311 1981 en
1329 1947 1478 1982 dedom-

76 2014 280 2055 magement
299 2007 343 2041 de
362 2007 532 2040 Brionne.

121 2078 170 2122 (2)
196 2075 336 2110 Robert
353 2074 398 2109 de
412 2074 594 2109 Montbrai
606 2102 614 2117 ‚
638 2085 751 2108 ncveu
766 2073 811 2107 dc
825 2072 985 2108 Geoffroi
1001 2101 1008 2115 ,
1030 2073 1164 2120 cveque
1178 2073 1223 2107 de
1239 2073 1453 2109 Coutances.

122 2144 171 2190 (5)
196 2143 405 2179 Guillaume
424 2143 468 2177 de
489 2141 901 2177 Moulins-La-Marche.

122 2206 172 2249 (4)
197 2203 407 2238 Guillaume
422 2202 466 2236 de
480 2202 660 2248 Rupierre
673 2230 681 2243 ‚
699 2202 780 2247 pres
797 2200 1042 2236 Cambremer.
1058 2201 1108 2235 Ce
1122 2213 1345 2247 personnage
1360 2201 1479 2235 donna

80 2267 97 2297 ἐι
116 2263 274 2309 l'abbaye
291 2262 335 2296 de
351 2263 494 2296 Troarn
511 2261 646 2307 l⁷eglise
665 2261 708 2295 de
727 2260 953 2295 Frenouville
972 2260 1028 2303 (F
1028 2261 1239 2305 arnavilla).

128 2321 176 2367 (5)
203 2322 314 2356 Notoe
335 2328 463 2355 auteur
480 2320 638 2355 confond
656 2320 700 2354 ici
716 2320 747 2353 la
764 2320 942 2366 premiere
956 2319 1172 2366 eniigration
1188 2319 1232 2353 de
1246 2318 1386 2354 Robert
1399 2332 1480 2354 avec

82 2380 114 2413 la
134 2378 306 2421 seconde,
327 2381 346 2412 a
366 2378 517 2425 laquelle
538 2377 737 2412 seulement
761 2384 915 2424 peuvent
940 2377 1158 2424 s⁷appliquer
1183 2377 1233 2411 les
1250 2377 1334 2424 cinq
1351 2379 1482 2412 annees

83 2438 173 2471 dont
191 2438 215 2471 il
234 2437 345 2484 parle.

129 2497 178 2543 (6)
203 2497 340 2539 Endos,
364 2497 586 2543 arclieveque
610 2496 654 2530 (le
675 2497 806 2530 Treves
831 2495 1088 2543 (1067—1079)‚
1110 2495 1196 2528 etait
1213 2506 1258 2527 en
1284 2494 1367 2528 effet
1390 2495 1483 2530 frere

86 2556 130 2589 ‹lc
148 2555 480 2589 Robert-lc-Frison
497 2561 533 2588 et
551 2554 594 2588 de
613 2554 644 2588 la
670 2555 768 2588 reine
787 2553 963 2588 Mathilde
976 2581 984 2595 ‚
1006 2554 1145 2587 suivant
1162 2552 1211 2587 les
1226 2552 1483 2599 genealogistcs

88 2615 257 2660 franqais;
274 2614 362 2648 mais
377 2614 400 2647 il
420 2614 533 2660 parait
557 2620 721 2647 constant
745 2626 814 2660 quc
838 2614 922 2647 c⁷cst
941 2625 1012 2647 unc
1029 2624 1132 2659 grave
1147 2624 1284 2655 erreur,
1303 2619 1339 2646 et
1357 2625 1427 2660 quc
1445 2626 1484 2646 cc:

88 2673 201 2718 pre'lat
213 2702 220 2715 ‚
251 2673 302 2707 fils
331 2665 567 2714 d’Everliard,
600 2679 715 2707 comte
743 2672 786 2706 de
813 2672 1069 2716 Nollembourg
1101 2685 1144 2705 en
1173 2672 1328 2713 Souabe,
1356 2673 1485 2707 n'avait

90 2733 167 2766 rien
187 2733 229 2766 (le
254 2745 423 2767 commun
443 2745 522 2767 avec
543 2733 571 2765 la
592 2734 726 2767 maison
748 2732 791 2766 <lc
814 2732 975 2766 Flandrc.
