1951 3194
314 227 366 263 9ss
685 226 926 264 HISTORIA
957 224 1361 265 ECCLESIASTICA.
1461 229 1731 279 [1061-1063]

317 305 630 370 responsoriis
645 341 657 362 ,
680 304 894 368 perfecit.
918 304 1038 349 Nam
1062 303 1119 348 ad
1136 320 1347 368 vesperas
1367 323 1506 370 super
1530 308 1732 371 psalmos

318 393 526 446 quatuor
545 381 827 445 antiphonas
852 379 1088 437 condidit,
1118 391 1164 426 et
1190 381 1237 426 in
1266 383 1471 430 secundo
1491 396 1733 431 nocturno

319 470 412 508 tres
442 461 630 506 ultimas
661 459 853 521 adjecit,
881 468 1104 523 quartum
1137 458 1277 504 etiam
1305 462 1659 523 responsorium
1687 472 1734 508 et

318 549 537 585 octavum
566 547 611 584 et
644 535 1003 592 duodecimum,
1039 547 1084 581 et
1108 535 1416 599 antiphonam
1451 537 1506 583 ad
1532 539 1729 594 cantica,

319 626 364 662 et
398 615 454 661 ad
495 614 718 661 secundas
749 630 961 676 vesperas
1008 612 1065 658 ad
1107 614 1345 659 canticum
1383 614 1439 661 de
1474 615 1732 679 Evangelio

316 691 686 755 pulcherrimam
739 690 1051 754 antiphonam
1096 690 1258 737 edidit.
1305 693 1458 755 Ipsam
1503 692 1732 738 nimirum

318 769 565 816 historiam
594 767 825 815 Arnulfus
850 778 1016 814 cantor
1041 768 1367 827 Carnotensis,
1396 767 1609 815 Fulberti
1638 769 1733 833 epi-

318 849 446 911 scopi
474 847 754 911 discipulus,
788 844 1046 893 secundum
1083 863 1220 892 usum
1258 847 1540 893 clericorum
1564 857 1734 911 rogatu

317 925 545 973 Rodbcrti
577 924 757 971 abbatis
788 926 885 986 j-am
922 923 1155 980 ediderat,
1186 934 1233 970 ct
1263 923 1447 970 duobus
1477 924 1732 987 juvenibus

317 1003 562 1051 monachis
588 1002 802 1048 Huberto
832 1013 878 1048 et
901 1001 1110 1048 Rodulfo
1140 1018 1163 1046 a
1194 1000 1423 1064 praedicto
1453 1011 1584 1065 patre
1617 1001 1731 1046 Car-

316 1093 487 1128 notum
530 1081 681 1126 missis
735 1079 956 1142 primitus
1000 1089 1286 1124 cantaverat.
1343 1079 1494 1125 Porro
1539 1078 1732 1124 Rainal-

317 1158 403 1204 dus
439 1157 606 1203 Calvus
638 1155 997 1219 responsorium
1031 1154 1088 1200 ad
1122 1155 1305 1201 laudem
1341 1155 1567 1213 Domini,
1602 1155 1733 1220 quod

317 1234 372 1282 ad
409 1252 621 1298 vesperas
663 1233 871 1290 canitur,
909 1242 956 1277 et
1004 1242 1184 1295 septem
1225 1231 1508 1296 antiphonas
1553 1232 1728 1291 edidit,

317 1330 425 1377 quae
447 1312 494 1357 in
516 1309 819 1358 Uticensibus
837 1307 1184 1372 antiphonariis
1201 1309 1388 1372 scriptae
1412 1310 1730 1373 reperiuntur.

315 1390 532 1454 Hymnos
566 1405 758 1453 quoquc
788 1386 945 1451 plures
972 1385 1028 1432 de
1058 1385 1221 1433 eodem
1252 1396 1385 1449 patre
1415 1386 1645 1449 Rogcrius
1674 1385 1732 1433 de

316 1467 499 1531 Sappo,
526 1466 699 1531 aliique
722 1465 916 1511 studiosi
941 1463 1110 1510 fratres
1135 1481 1190 1509 ex
1212 1463 1467 1511 devotione
1489 1464 1563 1527 pia
1581 1463 1732 1510 dicta-

315 1554 514 1603 verunt,
544 1544 732 1608 suisque
755 1541 958 1607 posteris
982 1542 1028 1587 in
1052 1540 1342 1587 bibliotheca
1364 1541 1572 1588 Uticensi
1596 1559 1731 1589 com-

317 1619 679 1667 mendaverunt.

381 1698 537 1745 Nimia
566 1695 884 1744 sollicitudine
909 1695 1075 1741 anxius
1100 1695 1338 1742 Osbernus
1366 1694 1506 1742 abbas
1533 1707 1731 1760 propter

316 1776 629 1841 apostolicum
665 1774 938 1831 anathema,
981 1775 1054 1820 cui
1097 1784 1283 1822 coactus
1323 1784 1422 1821 erat
1460 1774 1726 1838 subjacere,

318 1854 517 1902 consilio
539 1853 807 1916 sapientum
827 1851 1040 1898 decrevit
1061 1851 1268 1916 legatum
1291 1852 1490 1898 Romam
1514 1852 1725 1912 mittere,

318 1943 364 1979 et
387 1931 660 1996 apostolicae
682 1930 800 1977 sedis
822 1929 1204 1976 benedictionem
1227 1928 1472 1976 humiliter
1491 1939 1725 1993 expetere.

317 2009 609 2056 Witmundo
644 2009 800 2073 itaque
836 2007 1033 2071 sapienti
1067 2006 1301 2054 monacho
1332 2006 1562 2070 supplices
1591 2007 1730 2070 jussit

316 2086 495 2132 litteras
518 2086 713 2141 dictare,
741 2095 787 2130 et
813 2082 1054 2130 Bel-nardo
1071 2083 1233 2147 juveni
1259 2093 1578 2147 cognomento
1600 2082 1726 2127 Mat-

318 2163 444 2210 thaeo
471 2161 621 2209 nobili
653 2162 922 2225 antiquario
954 2160 1206 2225 diligenter
1241 2161 1522 2224 scriptitare.
1552 2160 1727 2206 Textus

315 2252 473 2288 autem
498 2240 707 2305 epistolae
734 2239 1000 2303 hujusmodi
1025 2250 1110 2286 cst.

380 2320 592 2367 Domino
611 2318 878 2383 apostolico
900 2317 1185 2363 Alexandr-0
1205 2317 1223 2379 (
1235 2317 1277 2379 ι)
1294 2317 1402 2362 vice
1424 2315 1547 2360 beati
1570 2315 1723 2372 Petri,

317 2399 461 2445 totius
479 2396 607 2443 orbis
622 2396 758 2462 patri
773 2395 1187 2451 excellentissimo,
1207 2393 1408 2458 quidam
1427 2392 1576 2438 abbas
1591 2392 1728 2455 longe

308 2477 501 2542 positus
535 2475 724 2521 nomine
758 2473 996 2519 Osbernus
1029 2472 1234 2519 coenobii
1259 2471 1428 2517 Sancti
1457 2469 1647 2533 Ebrzclfi
1678 2470 1727 2515 in

316 2554 651 2601 Normannz'ca
674 2553 844 2619 patria
871 2570 882 2596 .·
920 2551 1121 2597 salutem
1155 2568 1315 2596 veram
1328 2586 1344 2606 ,
1387 2549 1725 2614 subjectionem

363 2723 412 2766 (ι)
429 2721 633 2757 Alexandre
652 2720 769 2766 11(50
790 2720 995 2768 septembre
1015 2719 1162 2754 1061-21
1185 2716 1272 2751 avril
1292 2714 1409 2763 1073).
