1951 3194
643 264 795 301 LIBER
825 265 1078 312 QUARTUS.
1490 267 1568 304 247

223 342 483 390 Gerhertus
516 343 880 389 Fontinellensis
917 355 963 389 et
997 342 1230 389 Ainardus
1271 344 1481 389 Divensis
1519 363 1570 390 ae

159 420 408 466 Durandus
434 421 745 467 Troarnensis
771 421 868 484 (1);
896 422 1025 486 quasi
1053 431 1146 467 tres
1171 421 1317 468 stellae
1337 420 1569 468 radiantes

159 499 205 544 in
227 498 530 545 firmamento
554 498 695 556 coeli,
717 498 781 543 sic
807 498 879 543 isti
909 509 1000 545 tres
1026 497 1424 546 Archimandritae
1448 500 1569 545 mul-

158 575 216 620 tis
241 574 391 622 modis
422 573 683 621 rutilabant
709 575 755 620 in
790 592 894 621 arce
918 575 1117 623 Adonai.
1145 577 1390 641 Religione
1419 587 1466 625 et
1489 595 1569 624 ca-

155 652 323 710 ritate,
348 652 698 716 multiplicique
730 651 895 714 peritia
922 651 1188 715 pollebant,
1215 654 1465 719 studioque
1488 655 1569 701 di-

154 730 277 776 vinae
298 729 576 777 laudationis
596 731 641 775 in
663 729 841 793 templo
859 730 1136 794 Deijugiter
1154 730 1416 778 inhiabant.
1440 734 1569 780 Inter

154 810 419 873 praecipuos
439 819 653 856 cantores
675 808 865 855 scientia
893 809 1082 854 musicae
1109 809 1222 854 artis
1243 809 1299 854 ad
1323 810 1570 858 modulan-

151 884 266 931 dum
290 887 494 932 suaviter
522 886 661 949 potiti
695 897 833 941 sunt,
873 896 919 931 et
948 886 1218 933 dulcisonos
1245 897 1409 933 cantus
1437 889 1568 935 anti-—

153 963 420 1023 phonarum
441 975 581 1028 atque
605 965 1021 1028 responsoriorum
1041 964 1308 1011 ediderunt.
1332 965 1400 1012 De
1424 966 1568 1012 Sum—

151 1057 231 1087 mo
265 1058 402 1105 rege,
440 1059 583 1106 quem
619 1041 809 1087 laudant
846 1041 1103 1088 Cherubim
1143 1053 1189 1089 et
1234 1043 1479 1106 Seraphim
1521 1057 1568 1091 et.

149 1117 305 1162 omnis
343 1117 511 1163 militia
554 1118 823 1174 coelorum3
862 1118 919 1165 de
954 1119 1127 1164 intacta
1165 1120 1347 1183 virgine
1387 1120 1563 1180 Maria,

149 1210 256 1257 quae
280 1193 418 1240 nobis
446 1195 630 1258 peperit-
661 1195 952 1241 Salvatorem
980 1196 1297 1251 saeculorum;
1331 1196 1387 1242 de
1417 1215 1565 1261 ange-

150 1270 206 1317 lis
247 1282 293 1317 et
322 1272 544 1335 apostolis
586 1290 636 1317 ac
679 1271 996 1336 martyribus;
1033 1274 1089 1318 de
1129 1273 1480 1320 confessoribus
1514 1293 1565 1321 ac

150 1348 414 1412 virginibus
438 1348 684 1395 mellifluas
717 1349 872 1396 laudes
897 1368 951 1396 ex
983 1350 1254 1397 dulcissimo
1292 1351 1432 1398 corde
1465 1371 1566 1398 ma-

150 1435 314 1471 nantes
335 1436 699 1490 prompserunt3
725 1437 771 1473 et
794 1427 1018 1473 Ecclesiae
1042 1429 1200 1492 pueris
1224 1428 1279 1474 ad
1304 1430 1565 1477 concinen—

146 1501 261 1547 dum
283 1502 489 1548 Domino
508 1520 616 1548 cum
637 1502 792 1566 Asaph
818 1515 864 1549 et
888 1505 1040 1549 Eman
1055 1540 1066 1560 ,
1090 1503 1245 1549 Ethan
1268 1515 1313 1551 et
1340 1505 1530 1552 Idithun
1547 1543 1559 1564 ‚

147 1588 192 1624 et
218 1577 326 1624 filiis
349 1577 505 1625 Chore
531 1578 732 1625 fideliter
758 1579 1071 1626 tradiderunt.

212 1655 431 1703 Nicolaus
458 1656 642 1702 Ricardi
670 1657 799 1702 tertii
820 1656 949 1703 ducis
975 1657 1367 1704 Normannorum
1394 1659 1518 1706 filius
1538 1679 1560 1706 a

147 1751 295 1796 puero
323 1735 647 1780 Fiscannensis
673 1734 932 1780 monachus
951 1770 962 1790 ,
993 1734 1273 1781 coenobium
1299 1738 1447 1782 sancti
1473 1739 1563 1784 Pe-

149 1811 207 1855 tri
245 1811 474 1874 principis
506 1811 833 1875 apostolorum
871 1812 920 1857 in
955 1811 1185 1860 suburbio
1223 1814 1559 1879 Rotomagensi

146 1887 244 1934 sere
265 1905 325 1934 Lx
349 1889 484 1934 annis
508 1889 653 1944 rexit,
682 1889 909 1954 miraeque
936 1889 1277 1954 magnitudinis
1303 1903 1347 1937 et
1374 1892 1561 1957 elegan-

149 1967 225 2012 tiae
239 1965 476 2012 basilicam
491 1967 657 2030 coepit,
681 1967 728 2013 in
746 1984 835 2031 qua
857 1984 1028 2032 corpus
1044 1968 1191 2013 sancti
1209 1969 1424 2015 Audo'e'ni
1443 1972 1559 2033 ejus-

146 2044 252 2091 dem
287 2044 417 2089 urbis
449 2043 785 2108 archiepiscopi
819 2063 926 2091 cum
958 2046 1119 2091 multis
1150 2046 1249 2091 aliis
1284 2058 1557 2095 sanctorum

146 2121 358 2186 reliquiis
382 2121 633 2186 requiescit
659 2122 751 2184 (2).
780 2121 872 2167 Alii
893 2139 1084 2186 quoque
1102 2122 1260 2185 plures
1291 2135 1403 2169 tunc
1423 2136 1558 2171 erant

189 2288 241 2331 (1)
266 2286 447 2327 (herbert,
470 2286 561 2320 abbe
587 2285 632 2320 de
660 2285 990 2320 Saint-Wandrille
1016 2285 1166 2331 (ποῶ-4
1192 2287 1396 2333 septembre
1425 2289 1554 2335 1089);

143 2344 301 2387 Ainaml,
322 2344 414 2379 abbe
428 2344 472 2379 de
491 2345 1265 2381 Notre-Dame-de-Saint-Pierre-sur-Dive
1285 2346 1458 2391 (1046-14
1473 2349 1554 2393 jan-

144 2405 219 2438 vier
241 2404 362 2451 1078);
379 2404 542 2447 Durand,
559 2404 650 2439 abbe
673 2404 717 2438 de
736 2406 878 2439 Troarn
895 2403 954 2449 (15
973 2405 1043 2439 mai
1070 2404 1216 2452 1059-11
1241 2405 1371 2439 sevrier
1395 2406 1506 2452 1088)

190 2465 240 2509 (2)
266 2463 427 2506 Nicolas‚
450 2463 502 2498 fils
519 2463 564 2497 (le
579 2463 742 2498 Richard
757 2465 831 2507 ΙΙΙ,
853 2464 944 2499 abbe
957 2464 1002 2498 de
1021 2464 1254 2499 saint-Onon
1271 2463 1376 2508 (1056
1388 2465 1555 2501 P-fevrier

150 2525 263 2570 1092).
280 2522 340 2557 On
353 2521 503 2568 possede
516 2534 646 2557 encore
659 2523 875 2557 sexu-emite
887 2523 936 2557 (lu
951 2530 1130 2569 transsept
1142 2522 1235 2556 nord
1249 2522 1294 2556 de
1310 2522 1443 2569 l⁷eglise
1456 2536 1554 2559 coni-

143 2582 289 2615 1uencee
307 2594 371 2627 par
388 2580 451 2614 lui.
476 2581 526 2614 (je
554 2581 703 2615 curieux
725 2588 960 2621 monument,
988 2581 1088 2628 place
1115 2588 1218 2615 entre
1236 2581 1372 2627 l⁷eglise
1398 2583 1550 2618 actuelle

142 2646 177 2673 ct
202 2639 326 2674 l⁷hotel
350 2639 394 2673 de
419 2639 448 2673 la
470 2639 616 2681 mairie,
634 2639 771 2685 justisie
790 2652 854 2685 par
873 2651 926 2673 ses
944 2639 1054 2673 belles
1074 2640 1325 2685 proportions,
1354 2641 1476 2687 quand
1504 2655 1550 2677 ou

144 2699 329 2734 l'examine
353 2702 368 2733 ἐι
397 2700 611 2738 Pinti'wicur,
632 2700 681 2733 les
699 2700 945 2744 teinoignages
966 2699 1223 2733 d'adniimtion
1242 2699 1328 2746 qu‘il
1348 2701 1515 2747 inspirait
1534 2708 1551 2736 ii

144 2766 246 2793 notre
264 2767 410 2794 auteur.
