1951 3194
450 283 529 320 396
811 280 1051 318 HISTORIA
1084 280 1484 322 ECCLESIASTICA.
1588 285 1853 336 [1066-1089]

515 357 717 419 Quidam
748 375 908 405 amore
940 360 1024 405 Dei
1063 361 1323 417 ferventes,
1351 362 1576 407 saeculum
1611 364 1855 428 relinque·-

450 436 593 491 hant,
624 445 671 482 et
702 452 773 482 res
805 454 907 482 suas
933 439 1068 500 juxta
1104 437 1277 502 regulae
1311 448 1539 485 statutum
1569 441 1857 488 monasterio

448 510 724 570 tradebant,
752 523 799 559 et
826 513 1000 560 amicos
1031 532 1082 560 ac
1107 524 1324 578 parentes
1356 533 1461 562 suos
1487 516 1543 562 ad
1569 517 1718 565 simile
1740 535 1858 582 pro—

448 589 656 653 positum
696 591 889 637 monitis
928 602 975 638 et
1010 591 1229 655 precibus
1269 592 1632 657 compellebant.
1678 597 1748 642 Ex
1788 594 1857 641 his

447 665 646 712 fuerunt
676 668 906 732 Rogerius
930 668 986 715 de
1016 669 1171 733 Sappo
1201 678 1248 716 et
1275 669 1378 717 Odo
1406 669 1551 716 frater
1574 673 1696 734 ejus,
1726 671 1859 718 Serlo

447 742 504 789 de
528 742 736 807 Orgeriis
762 745 836 808 (1)
868 755 915 792 01
939 746 1085 793 Razso
1110 745 1273 793 llberti
1303 747 1454 804 filius,
1485 747 1589 794 odo
1619 748 1856 805 Dolensis,

451 819 729 868 Goisfredus
752 822 1103 870 Aurelianensis
1136 835 1182 872 et
1214 825 1418 873 Joannes
1449 827 1689 873 Remensis
1708 862 1720 883 ,
1757 826 1862 873 alii-

449 916 541 963 que
563 899 722 963 plures
749 900 1016 947 litterarum
1044 902 1210 965 peritia
1243 903 1486 960 instructi,
1516 913 1561 949 et
1585 903 1781 950 Deitatis
1804 902 1862 948 ad

449 977 632 1023 cultum
671 978 846 1025 idonei.
888 978 1120 1026 Nonnulli
1159 981 1472 1044 generositate
1507 981 1774 1045 pollebant,
1817 991 1864 1029 et

449 1055 766 1104 exterioribus
810 1057 935 1102 curis
982 1058 1032 1102 111
1076 1056 1217 1104 rebus
1260 1059 1578 1106 ecclesiasticis
1620 1060 1858 1125 vigebant.

448 1131 569 1177 Nam
596 1132 757 1196 Drogo
784 1132 907 1179 filius
933 1132 1173 1181 Goisfredi
1202 1134 1258 1181 de
1281 1134 1660 1183 Novo—Mercato
1686 1136 1786 1200 (2),
1817 1146 1864 1183 et

449 1209 678 1273 Rogerius
702 1211 885 1257 Erneisi
912 1210 969 1258 de
994 1211 1216 1257 Coluncis
1252 1212 1376 1258 filius
1394 1249 1406 1268 ,
1440 1231 1586 1277 nepos
1619 1212 1860 1260 Guillelmi

448 1285 505 1332 de
526 1286 776 1333 Guarenna
794 1288 886 1350 (3),
908 1297 954 1334 et
973 1288 1204 1335 Ernaldus
1221 1289 1414 1336 Unfridi
1428 1289 1485 1336 de
1498 1290 1702 1337 Telliolo
1717 1289 1858 1347 filius,

448 1381 595 1427 nepos
616 1381 671 1410 ex
691 1381 854 1412 sorore
876 1366 1089 1430 Hugonis
1107 1366 1164 1413 de
1183 1366 1599 1415 Grentemaisnilio
1613 1404 1627 1426 ,
1654 1378 1700 1415 et
1723 1365 1860 1414 (3015-

449 1441 612 1489 bertus
647 1443 856 1490 medicus
900 1445 1096 1492 curiales
1131 1456 1295 1503 erant,
1334 1456 1380 1493 et
1412 1447 1747 1510 procuratione
1783 1464 1862 1492 sua

451 1529 594 1565 terras
620 1530 668 1566 et
693 1520 927 1577 ecclesias,
953 1520 1249 1586 decimasque
1273 1523 1500 1569 fratribus
1524 1524 1616 1569 suis
1641 1523 1862 1588 adquire-

447 1595 581 1643 bant.
610 1598 692 1643 His
716 1597 934 1661 profecto
958 1598 1252 1662 adjutoribus
1278 1617 1387 1646 usus
1413 1611 1482 1647 est
1506 1600 1760 1648 Mainerius
1776 1636 1788 1657 ‚
1816 1611 1863 1647 et

449 1689 535 1734 per
575 1689 654 1719 eos
696 1674 844 1719 crevit
883 1674 1070 1720 ecclesia
1117 1677 1409 1733 commodis,
1453 1676 1594 1723 rebus
1633 1687 1680 1723 et
1723 1676 1861 1723 honis

450 1748 813 1796 habitatoribus.

513 1828 741 1875 Praefatus
752 1827 892 1875 abbas
906 1829 1164 1876 Fulconem
1178 1830 1234 1876 de
1248 1830 1585 1877 Guarleinvilla
1600 1832 1688 1894 (4),
1706 1833 1861 1877 virum

497 2011 547 2056 (1)
573 2010 735 2058 Orgeres
748 2038 757 2054 ‚
776 2017 909 2045 canton
926 2010 971 2044 de
988 2010 1101 2045 Gace.

496 2070 547 2115 (2)
573 2070 673 2104 Nous
691 2082 799 2104 avons
817 2082 864 2103 vu
883 2069 1060 2104 ci-dessus
1073 2098 1081 2113 ‚
1103 2069 1128 2103 l.
1150 2081 1206 2114 111,
1228 2083 1262 2116 p.
1284 2084 1294 2104 1
1307 2081 1359 2114 12,
1381 2083 1452 2118 que
1465 2070 1675 2106 Guillaume
1690 2073 1784 2107 avait
1797 2085 1861 2108 en-

450 2129 527 2163 leve
552 2129 585 2162 le
616 2129 882 2164 Neuf-Marche
907 2131 927 2163 a
954 2142 993 2164 ce
1019 2129 1184 2165 Geoffi-oi
1212 2130 1275 2177 qui
1303 2142 1349 2164 en
1378 2131 1467 2165 e'tait
1494 2130 1672 2166 l’heritier
1699 2131 1862 2178 legitime

450 2189 746 2234 (probablement
763 2201 903 2224 comme
918 2189 972 2223 fils
985 2189 1030 2224 de
1043 2189 1257 2236 Turquefil,
1278 2201 1342 2224 son
1356 2190 1484 2224 ancien
1497 2192 1751 2237 gouverneur),
1768 2203 1861 2238 pour

450 2246 483 2280 le
501 2248 611 2293 punir
630 2247 675 2281 de
693 2247 868 2295 quelques
887 2246 1005 2293 legers
1022 2254 1132 2291 torts,
1152 2255 1190 2282 et
1206 2248 1373 2295 qu’apres
1386 2261 1409 2295 y
1427 2248 1525 2282 avoir
1542 2250 1661 2295 essaye
1681 2261 1761 2283 sans
1778 2261 1860 2284 suc-

451 2307 507 2340 005
526 2306 572 2341 de
596 2307 628 2340 le
648 2306 737 2341 faire
760 2307 961 2354 remplacer
979 2320 1044 2353 par
1062 2307 1240 2353 plusieurs
1265 2314 1386 2341 autres
1410 2307 1624 2350 0111110131115,
1642 2307 1668 2341 11
1686 2308 1779 2342 avait
1797 2308 1860 2343 fini

451 2379 516 2412 par
533 2366 675 2401 donner
692 2374 786 2402 cette
804 2366 904 2414 place
923 2367 1143 2413 importante
1157 2370 1176 2402 a
1194 2368 1346 2414 Hugues
1362 2367 1407 2402 de
1422 2368 1709 2411 Grentemesnil,
1727 2369 1789 2415 qui
1809 2368 1859 2403 lui

449 2428 618 2473 presenta
631 2427 664 2462 10
681 2428 841 2474 premier
856 2426 907 2462 les
927 2428 1107 2474 garanties
1126 2427 1323 2462 suffisantes
1341 2427 1386 2461 de
1399 2427 1577 2462 bravoure
1589 2434 1625 2462 et
1637 2427 1684 2462 de
1702 2428 1860 2474 capacite

452 2487 668 2521 necessaires
687 2499 781 2533 pour
794 2487 891 2521 tenir
910 2499 956 2521 en
972 2494 1114 2534 respect
1133 2486 1178 2521 de
1196 2486 1404 2522 turbulents
1423 2486 1555 2521 voisins
1568 2514 1576 2529 ‚
1596 2493 1633 2521 et
1649 2486 1859 2533 particulis:—

453 2553 594 2580 rement
612 2546 662 2581 les
680 2546 865 2581 habitants
883 2546 928 2581 de
946 2546 1037 2581 Milli
1056 2554 1093 2582 et
1109 2546 1155 2581 de
1173 2546 1366 2582 Gerberoi.

500 2604 548 2650 (5)
574 2606 625 2640 Ce
642 2606 765 2653 Roger
784 2607 872 2641 ctait
888 2606 941 2640 fils
960 2605 1125 2641 d’Erneis
1144 2606 1189 2641 de
1208 2605 1410 2641 Coulonces
1431 2607 1537 2652 (pres
1555 2606 1684 2649 Vire),
1706 2604 1794 2651 qu’il
1815 2616 1858 2639 ne

454 2663 531 2697 faut
554 2665 753 2700 consondre
779 2678 861 2700 avec
886 2678 1005 2700 aucun
1031 2665 1093 2700 des
1118 2666 1367 2708 Fitz-Erncis,
1394 2666 1617 2699 constituant
1644 2664 1675 2697 la
1700 2663 1860 2698 branclic

459 2723 588 2766 [11111100
604 2724 648 2757 (10
669 2724 700 2758 la
722 2725 856 2759 samille
876 2727 1025 2759 Tcsson.

504 2783 552 2822 (43
579 2782 859 2827 Guernauvillc,
883 2791 1013 2818 canton
1034 2783 1077 2817 dc
1097 2784 1253 2819 Brclcuil
1275 2784 1409 2825 (lim-0)
