1951 3194
566 240 719 278 LIBER
750 240 990 288 QUINTUS.
1414 239 1490 277 :345

79 321 409 383 praedicatores
431 320 560 367 verbi
576 321 659 367 Dei
676 320 1012 384 Augustinum,
1033 318 1288 374 Mellitum,
1310 317 1491 364 Johan-

79 417 215 456 nem,
248 399 456 464 aliosque
482 398 639 461 plures
668 397 925 445 monachos
952 398 1171 443 timentes
1199 396 1377 454 Deum,
1407 412 1492 458 per

76 494 196 540 quos
216 477 272 522 ad
294 476 536 523 Christum
562 475 701 540 Angli
725 476 938 522 conversi
968 485 1096 521 sunt.
1130 475 1184 519 ln
1208 472 1338 518 Italia
1360 473 1490 518 Lan-

77 553 297 618 gobardis
329 552 551 600 Autarith
591 553 811 616 Cleponis
848 552 972 599 filius
1009 563 1055 599 et
1084 556 1192 617 Ago
1226 551 1488 616 Agilulfus,

79 649 186 677 cum
200 630 487 678 Teodelinda
503 628 723 676 laudabili
737 634 917 694 regina,
936 630 1251 693 praefuerunt.
1270 631 1323 676 In
1341 629 1492 676 Neus—

76 710 163 755 tria
198 719 286 755 xl1⁰
312 727 438 756 anno
466 706 728 754 Hildeberti
762 707 883 771 regis
912 718 1098 753 sanetus
1123 707 1356 753 Ebrulfus
1381 707 1491 753 Uti-

74 787 222 833 censis
240 785 380 832 ahbas
393 788 492 849 jam
503 786 834 849 octogenarius
853 795 919 831 1v⁰
935 785 1028 831 kal.
1044 785 1249 848 januarii
1264 784 1486 848 obiit(1).

73 866 160 912 Per
180 865 303 912 idem
321 875 505 927 tempus
523 864 795 911 Cassinense
812 863 1156 911 monasterium
1174 880 1198 908 a
1217 861 1489 927 Langobar-

70 940 139 986 dis
170 951 317 988 noctu
346 941 559 986 invasum
583 951 675 997 est,
711 951 757 987 et
779 940 952 1005 fugatis
975 939 1245 996 monachis,
1274 951 1489 1003 tempore

70 1019 230 1066 Boniti
246 1019 403 1083 quinti
417 1017 616 1075 abbatis,
630 1018 925 1066 destructum
940 1028 1025 1065 est.
1044 1017 1343 1074 Benedictus,
1364 1018 1490 1064 Con-

70 1097 331 1153 stantinus,
371 1096 669 1160 Simplicius,
702 1096 869 1143 Vitalis
904 1107 951 1144 et
981 1098 1181 1143 Bonitus
1212 1096 1365 1144 eidem
1392 1112 1489 1142 coe-

69 1172 217 1220 nobio
234 1175 332 1238 jam
356 1173 666 1237 praefuerant.
690 1174 901 1221 Cosdrue
923 1191 1006 1221 rex
1032 1176 1281 1222 Persarum
1305 1174 1487 1239 gravis-

67 1252 182 1298 sime
200 1250 545 1316 rempublicam
560 1251 696 1298 bellis
714 1252 917 1309 attrivit,
937 1262 985 1299 et
1001 1262 1210 1299 sanctam
1227 1251 1488 1298 Ecclesiam

68 1327 300 1375 incendiis
336 1340 382 1376 et
418 1330 595 1393 rapinis
632 1347 685 1375 ac
719 1328 927 1377 caedibus
963 1329 1268 1377 vehementer
1300 1329 1481 1375 afflixit.

68 1405 338 1452 Anastasius
355 1407 493 1452 Persa
510 1406 770 1453 monachus
786 1424 896 1453 cum
917 1407 1017 1453 aliis
1031 1424 1122 1454 Lxx
1141 1408 1350 1472 glorioso
1366 1424 1486 1453 mar-

68 1482 197 1545 tyrio
226 1492 483 1530 coronatus
507 1492 592 1529 est.
621 1484 862 1529 Heraclius
887 1484 1046 1530 Persas
1072 1484 1211 1541 vicit,
1239 1482 1481 1531 cosdroen

66 1557 270 1614 occidit,
312 1575 502 1605 crucem
535 1558 728 1605 Domini
764 1559 1073 1624 Jerosolymis
1115 1559 1399 1623 reportavit,
1436 1568 1481 1605 et

65 1653 230 1682 ornnes
257 1634 549 1683 Christianos
569 1636 626 1683 de
651 1638 921 1700 captivitate
945 1636 1152 1684 reduxit.

71 1760 121 1793 ¹9·
249 1749 401 1784 Sanctus
416 1748 623 1793 Romanus,
644 1749 816 1796 praeclaro
833 1750 967 1785 nobilis
984 1758 1084 1794 acm,

250 1807 414 1841 Moribus
433 1808 602 1850 emicuit,
622 1809 712 1843 sacri
729 1820 875 1855 quoque
892 1809 1031 1844 lumine
1050 1809 1149 1843 verbi
1166 1811 1227 1854 (2)

66 1907 152 1952 Hic
173 1923 261 1953 xm
287 1910 439 1964 annis,
464 1919 678 1972 tempore
698 1909 900 1956 Honorii
915 1945 928 1965 ,
951 1910 1162 1956 Severini
1187 1921 1230 1956 et
1249 1909 1478 1956 Johannis

64 2000 310 2046 paparum,
337 1984 552 2031 Heraclio
572 1997 816 2049 regnante,
839 1985 1079 2032 miraculis
1096 1987 1377 2043 coruscavit,
1399 1986 1478 2033 de-

65 2062 283 2126 cimoque
300 2062 391 2107 kal.
410 2062 684 2109 novembris
699 2062 755 2108 ad
772 2062 1034 2109 Dominum
1050 2063 1254 2127 gloriose
1270 2064 1472 2109 transiit.

65 2138 202 2184 Tunc
227 2139 275 2185 in
294 2138 443 2185 Gallia
465 2139 719 2186 Christiani
739 2140 975 2204 principes
993 2141 1213 2206 vigebant
1236 2141 1478 2206 Dagober-

66 2226 138 2262 tus
182 2227 229 2263 et
274 2216 536 2264 Lodoveus‚
584 2220 637 2264 In
678 2218 845 2283 Anglia
887 2219 1110 2266 Osvaldus
1127 2256 1139 2277 ‚
1185 2221 1385 2267 Osvinus
1431 2232 1477 2267 et

64 2294 246 2339 osvius.
269 2295 319 2339 In
344 2295 474 2341 ltalia
493 2295 751 2360 Agilulfus,
773 2295 1072 2353 Adaloaldus,
1096 2297 1362 2355 Arioaldus,
1383 2298 1476 2345 Ro-

64 2370 205 2415 tarith
230 2380 276 2416 et
300 2372 585 2418 Rodoalclus.
607 2372 831 2419 Arioaldo
850 2386 1075 2439 regnante
1100 2375 1262 2422 beatus
1279 2375 1474 2422 Colum-

109 2560 158 2603 (1)
185 2559 287 2593 Saint
306 2559 455 2593 Evroult
482 2567 631 2594 mourut
654 2560 686 2594 le
711 2560 753 2594 ¹28
774 2561 965 2597 decembre
992 2562 1077 2609 596,
1098 2570 1135 2597 et
1159 2575 1224 2609 par
1249 2566 1466 2611 consequen!

64 2618 153 2651 dans
167 2618 198 2651 la
220 2619 433 2663 vingtin'une.
455 2626 489 2653 ct
505 2632 575 2653 non
600 2632 658 2665 pas
682 2620 711 2653 la
728 2620 915 2655 ‹imnis—mc
931 2624 1044 2656 amice
1066 2622 1114 2655 (lu
1130 2623 1239 2667 regne
1254 2622 1298 2657 de
1319 2624 1469 2658 Childe-

67 2678 161 2719 {um-t,
184 2679 234 2710 roi
256 2676 488 2712 ‹lffliistrasun

111 2739 158 2777 (a)
185 2740 242 2771 On
266 2739 351 2771 «mit
374 2752 442 2782 (μιν
460 2739 546 2771 <alm
575 2739 723 2773 {zamam
749 2747 895 2773 mourut
913 2740 943 2773 le
960 2739 1002 2774 ’,εἶν
1022 2739 1306 2775 11‹v.·‹7·m=›re(538.
