1951 3194
117 234 281 284 [107'81']
595 231 749 270 LIBER
779 229 1033 279 QUARTUS.
1450 229 1527 265 2297

115 311 581 369 Novumcastellum,
618 311 869 358 Raimalast
893 311 967 374 (1)
1001 320 1141 373 atque
1174 306 1410 355 Sorellum
1435 306 1526 369 (2),

115 392 298 456 aliaque
317 391 575 454 municipia
594 408 673 436 sua
698 407 785 454 pro
809 387 1138 453 depopulanda
1159 386 1378 434 Neustria
1403 395 1531 448 pate-

116 469 244 515 fecit.
267 468 384 514 Erat
406 468 532 515 enim
555 485 700 532 gener
718 468 909 531 Rogerii
931 467 1141 522 comitis,
1172 463 1346 511 habens
1367 464 1417 510 in
1434 481 1532 508 ma-

121 547 350 594 trimonio
368 545 609 592 Mabiliam
637 545 709 608 (5)
732 561 946 592 sororem
970 543 1169 590 Roberti
1194 541 1501 590 Belesmensis
1515 576 1530 600 ‚

120 624 200 688 qui
222 624 344 688 regis
369 622 522 669 filium
546 632 730 668 secutus
752 621 908 668 fuerat
933 639 1040 666 cum
1066 620 1313 684 Radulpho
1331 619 1388 666 de
1408 619 1534 665 Con-

124 701 248 758 chis,
275 701 472 765 aliisque
492 700 727 764 plurimis.
761 700 912 745 Pravo
933 699 1109 762 quippe
1134 715 1248 743 ausu
1272 697 1533 744 desertores

127 782 427 846 (detestabile
453 780 641 842 nefasl)
669 780 822 827 exorsi
849 791 983 836 sunt,
1010 790 1056 825 et
1081 778 1251 843 oppida
1277 777 1538 841 divitesque

124 859 298 905 fundos
321 875 409 922 pro
430 858 558 903 inani
583 875 662 921 spe
682 867 728 904 et
750 856 992 922 promissis
1011 853 1413 919 floccipendendis
1432 853 1540 899 reli-

125 947 352 1001 querunt.
370 937 467 983 Rex
496 946 654 982 autem
680 946 827 982 terras
860 952 1026 981 eorum
1050 951 1196 979 manu
1227 932 1422 996 propria
1451 930 1539 977 sibi

127 1013 330 1078 subegit,
352 1025 398 1061 et
419 1014 476 1060 de
498 1012 762 1060 redditibus
777 1030 943 1060 eorum
960 1010 1292 1075 stipendiarios
1309 1009 1541 1055 dimican-

128 1101 195 1136 tes
215 1101 380 1137 contra
401 1090 589 1136 eosdem
614 1089 954 1136 remuneravit.

194 1168 276 1213 His
300 1167 596 1215 motionibus
627 1168 795 1214 incolae
823 1177 869 1213 et
900 1166 1041 1212 vicini
1072 1164 1350 1212 terribiliter
1382 1162 1543 1227 agitati

128 1255 264 1300 sunt,
290 1254 337 1290 et
361 1262 488 1289 arma
508 1245 677 1307 passim
698 1253 865 1290 contra
889 1261 1047 1307 regem
1069 1242 1142 1288 vel
1169 1259 1259 1306 pro
1286 1258 1394 1304 rege
1420 1239 1546 1286 leva-

127 1333 319 1369 verunt.
352 1321 472 1368 Galli
500 1333 546 1369 et
572 1323 814 1378 BritoneS,
843 1321 1139 1368 cenomanni
1171 1331 1217 1367 et
1240 1318 1546 1383 Andegaven-

128 1418 220 1457 ses,
251 1401 423 1465 aliique
451 1400 614 1464 populi
637 1398 959 1457 fluctuabant,
982 1409 1026 1445 et
1049 1416 1191 1462 quem
1215 1397 1388 1443 merito
1413 1395 1545 1460 sequi

125 1477 355 1525 deberent
380 1476 680 1542 ignorabant.
711 1476 851 1522 Bellis
879 1477 1035 1541 itaque
1059 1477 1230 1540 passim
1259 1474 1546 1538 insurgenti-

134 1557 218 1602 bus
247 1557 466 1603 cordatus
498 1573 582 1602 rex
611 1556 871 1602 exercitum
901 1555 1196 1619 aggregavit,
1233 1563 1280 1599 et
1312 1554 1361 1598 in
1393 1552 1549 1599 hostes

131 1652 348 1700 pergem,
373 1652 480 1680 cum
498 1635 715 1680 Rotrone
729 1633 1089 1679 Mauritaniensi
1106 1632 1174 1695 (4)
1196 1631 1371 1678 comite
1385 1647 1551 1694 pacem

132 1711 262 1759 fecit.
290 1711 377 1757 Hic
405 1710 659 1766 nimirum,
682 1710 798 1755 dum
822 1719 968 1755 terras
990 1707 1294 1754 Carnotensis
1315 1706 1546 1762 ecclesiae,

133 1806 240 1852 quae
258 1798 502 1852 perpetuae
526 1787 714 1851 Virgini
739 1786 901 1833 Mariae
923 1784 1133 1831 dedicata
1153 1795 1244 1840 est,
1266 1783 1552 1847 plerumque

133 1865 442 1927 praedaretur,
468 1874 515 1910 et
545 1863 604 1910 ab
632 1864 853 1927 episcopo
885 1880 994 1908 cum
1026 1862 1154 1908 clero
1181 1862 1461 1925 frequenter
1486 1860 1550 1907 ob

136 1941 225 1988 hoc
260 1941 640 2005 redargueretur,
673 1951 719 1987 et
757 1938 1096 2003 incorrigibilis
1130 1955 1434 2003 perseverans
1467 1955 1552 1985 ex-

136 2021 590 2075 communicaretur,
628 2018 1038 2064 animadversione
1076 2016 1235 2063 divina
1269 2015 1548 2072 obsurduit,

135 2108 182 2144 et
211 2098 275 2143 sic
298 2098 354 2143 ad
378 2108 584 2144 mortem
609 2114 754 2161 usque
783 2096 950 2142 surdus
974 2096 1251 2160 permansit.
1282 2097 1384 2141 Rex
1409 2093 1551 2140 Guil-

136 2175 302 2221 lelmus
335 2174 462 2220 hunc
492 2174 648 2238 pretio
678 2173 931 2229 conduxit,
969 2189 1224 2237 secumque
1255 2172 1313 2218 ad
1340 2170 1554 2219 obsidio-

137 2268 271 2306 nem,
312 2252 420 2315 quia
460 2250 714 2297 Raimalast
750 2250 808 2297 de
841 2250 985 2298 feudo
1021 2253 1118 2314 ejus
1160 2259 1288 2304 erat,
1332 2248 1548 2294 minavit.

139 2329 355 2389 Quatuor
380 2339 526 2374 castra
556 2330 602 2375 in
628 2345 749 2393 gyro
770 2328 1002 2388 firmavit,
1024 2327 1182 2392 ibique
1205 2326 1377 2373 milites
1401 2324 1458 2371 ad
1483 2343 1555 2370 ar-

185 2500 234 2544 (1)
260 2497 454 2533 Remalard
474 2497 618 2542 (Ome).

186 2560 235 2603 (2)
260 2557 362 2593 Sorel
380 2558 686 2602 (Eure-et-Loir).

190 2615 238 2662 (5)
258 2615 404 2650 Mabille
422 2615 466 2649 dc
482 2616 767 2662 Montgommeri
778 2643 786 2657 ,
804 2615 836 2648 la
852 2615 1036 2649 troisicmc
1051 2614 1112 2648 des
1129 2614 1216 2647 fiilos
1231 2614 1281 2648 (lu
1300 2621 1417 2650 comte
1432 2614 1555 2659 Roget*

143 2682 177 2708 vt
196 2675 239 2708 dc
261 2674 406 2709 Mabille
427 2674 471 2707 do
489 2673 658 2709 Bellcme.

190 2733 237 2783 (4')
264 2733 423 2769 Retron„
450 2733 606 2779 premier
625 2732 671 2765 du
695 2744 798 2774 nom,
817 2738 935 2766 canuc
953 2731 996 2765 (lv
1019 2731 1218 2776 Mortagnv.
