1951 3194
346 256 421 294 168
710 250 954 289 HISTORIA
985 248 1388 287 EchEslAsT1CA.
1631 251 1769 299 [1067]

408 332 705 379 Adveniente
749 328 1013 375 Guillelmo
1055 345 1163 392 rege
1199 345 1308 373 cum
1344 345 1512 392 magna
1553 328 1766 375 saeculari

343 411 492 476 gloria
511 445 524 466 ,
564 406 821 455 admodum
864 417 962 453 tota
1002 406 1158 452 laetata
1195 416 1265 453 est
1300 405 1611 453 Normannia.
1660 406 1769 454 Dies

343 499 480 535 erant
506 486 695 534 hiberni
721 496 768 533 et
790 485 1239 551 quadragesimales3
1268 484 1347 532 sed
1374 486 1424 531 in
1450 486 1698 550 episcopiis
1722 496 1770 533 et

346 566 608 624 coenobiis,
636 564 718 615 ubi
750 582 904 613 novus
929 563 1149 612 veniebat
1181 581 1288 621 rex,
1321 561 1635 610 initiabantur
1655 565 1769 610 Pas-

344 643 650 692 chaliafesta.
681 641 814 689 Nihil
837 640 1218 707 relinquebatur,
1246 642 1376 707 quod
1410 641 1459 688 in
1484 641 1640 688 studio
1667 642 1770 687 talis

344 721 729 770 honorificentiae
753 722 825 786 agi
858 720 1054 768 solitum
1084 730 1171 766 est.
1202 721 1436 767 Praeterea
1469 721 1505 765 si
1533 720 1648 784 quid
1675 737 1771 768 no-

342 817 457 845 vum
471 799 737 846 adinveniri
756 799 936 863 potuit,
956 796 1234 844 addebatur.
1255 797 1407 857 Quam
1427 797 1654 861 pietatem
1674 797 1771 861 ipse

344 876 600 924 confestim
647 876 905 940 multiplici
947 875 1078 922 dono
1123 875 1503 939 recompensavit
1523 911 1538 934 ,
1587 874 1771 922 donans

342 956 507 1020 pallia,
542 955 686 1002 libras
715 956 849 1010 auri,
883 955 1064 1019 aliaque
1096 972 1264 1019 magna
1296 953 1523 1000 altaribus
1552 954 1772 1000 famulis—

343 1050 437 1098 que
461 1031 656 1079 Christi.
684 1032 913 1078 Ecclesias
939 1042 1098 1077 autem
1114 1067 1126 1088 ,
1151 1049 1266 1095 quas
1290 1031 1541 1094 praesentia
1567 1048 1646 1077 sua
1671 1047 1771 1078 non

343 1111 578 1166 visitavit,
608 1108 887 1156 muneribus
912 1109 1063 1154 missis
1085 1108 1362 1155 laetificavit.

409 1187 482 1233 Ad
500 1187 782 1234 coenobium
798 1187 983 1232 Sanctae
1003 1187 1254 1232 Trinitatis
1279 1187 1498 1232 Fiscanni
1520 1184 1690 1232 Pascha
1707 1185 1773 1249 (ι)

345 1265 601 1313 celebravit
618 1302 630 1322 ,
675 1264 756 1311 ubi
797 1265 1067 1330 frequentia
1112 1265 1374 1329 praesulum
1415 1275 1462 1312 et
1510 1263 1736 1310 abbatum
1756 1300 1770 1320 ,

345 1343 683 1409 nobiliumque
720 1344 938 1390 virorum
975 1344 1217 1390 convenit.
1249 1344 1388 1388 Tunc
1424 1341 1653 1389 Radulfus
1685 1358 1774 1389 co—

344 1441 443 1471 mes
472 1423 571 1487 (2),
602 1422 810 1486 Philippi
847 1422 968 1486 regis
1002 1422 1295 1468 Francorum
1329 1421 1558 1477 vitricus,
1594 1419 1774 1465 multa-

346 1520 439 1567 que
471 1501 695 1549 nobilitas
734 1500 947 1546 Franciae
982 1499 1147 1555 affuit,
1185 1510 1231 1545 et
1264 1499 1525 1563 crinigeros
1561 1496 1773 1561 Anglicae

345 1582 609 1627 Britanniae
633 1579 852 1626 alumnos
876 1579 1062 1625 curiose
1083 1576 1361 1623 intuebatur
1375 1613 1389 1635 ,
1410 1588 1458 1623 et
1475 1576 1598 1640 regis
1621 1576 1774 1639 regio-

348 1676 553 1723 rumque
584 1657 843 1704 satellitum
876 1656 1152 1703 indumenta
1190 1656 1368 1702 intexta
1397 1666 1538 1719 atque
1569 1665 1771 1700 crustata

348 1754 465 1783 auro
497 1735 837 1782 admirabatur.
863 1736 980 1779 Vasa
1016 1752 1128 1781 vero
1155 1752 1291 1780 aurea
1318 1733 1390 1780 vel
1416 1743 1662 1796 argentea,
1693 1749 1773 1777 seu

347 1814 573 1860 'bubalina
595 1831 774 1860 cornua
790 1813 923 1859 fulvo
940 1811 1132 1858 metallo
1151 1812 1273 1857 circa
1291 1810 1613 1857 extremitates
1629 1819 1776 1855 utras-

349 1909 442 1957 que
460 1891 679 1938 decorata
704 1890 837 1936 laude
858 1889 1124 1936 attollebat.
1153 1889 1369 1952 Denique
1388 1887 1593 1951 plurima
1614 1885 1774 1950 hujus-

351 1969 535 2017 cemodi
551 1969 869 2033 competentia
885 1967 1028 2032 regali
1044 1966 1411 2032 magnificentiae
1424 1965 1592 2011 Franci
1607 1981 1775 2027 magna

350 2046 611 2104 notabant,
649 2065 757 2110 quae
782 2046 953 2092 reversi
987 2045 1185 2092 domum
1217 2043 1281 2090 ob
1309 2044 1571 2091 novitatem
1595 2041 1774 2105 praedi-

351 2135 526 2172 carent.

417 2201 661 2251 Celebrata
677 2201 863 2248 Paschae
882 2202 1202 2259 solemnitate,
1217 2218 1295 2247 rex
1311 2199 1515 2246 dedicari
1534 2197 1773 2244 basilicam

353 2283 538 2328 Sanctae
564 2281 724 2326 Mariae
744 2297 883 2343 super
898 2280 1069 2324 Divam
1087 2279 1158 2342 (3)
1175 2277 1426 2341 praecepit,
1449 2275 1530 2321 ubi
1552 2276 1649 2339 ipse
1665 2292 1774 2320 cum

350 2376 525 2424 magno
550 2368 681 2404 coetu
701 2357 986 2421 optimatum
1007 2368 1053 2402 et
1078 2355 1390 2402 mediocrium
1414 2355 1505 2399 kal.
1521 2354 1631 2399 maii
1648 2370 1774 2399 reve-

401 2546 450 2588 (1)
477 2544 524 2578 Le
541 2544 628 2589 jour
647 2542 690 2576 dc
706 2542 847 2588 Paques
866 2542 955 2575 etait
971 2547 1065 2574 cette
1084 2540 1251 2574 amieo-la
1272 2540 1303 2573 lc
1323 2539 1344 2573 S
1363 2538 1462 2572 avril.

402 2607 452 2645 (ει)
483 2602 597 2637 Haoul
616 2602 670 2641 ll,
693 2601 746 2635 dit
762 2601 793 2634 lo
811 2599 957 2634 Grand.
976 2606 1094 2633 comte
1109 2599 1153 2633 ‹lc
1167 2599 1294 2644 Crespi
1310 2605 1344 2631 et
1363 2597 1407 2631 ‹lo
1422 2596 1558 2632 Valois.
1582 2594 1700 2639 Voycz
1722 2594 1768 2626 civ>

355 2663 479 2696 «lessus
499 2675 586 2708 page
613 2676 619 2695 l
636 2660 673 2695 13

403 2719 452 2764 (3)
480 2721 654 2755 vamme
681 2720 723 2754 dc
754 2720 1002 2754 Nouiumnw
1032 2721 1049 2751 ῥι
1080 2714 1541 2752 Same?ivm-*sur-Dive,
1574 2711 1702 2745 sondeffc
1728 2723 1771 2745 cu

367 2779 451 2820 10ῌί
