1951 3194
295 271 347 306 92
659 270 902 309 HISTORIA
933 271 1335 311 ECCLESIASTICA.
1440 278 1709 328 [1060-1063]

297 357 480 406 serunt,
503 358 552 395 et
576 349 623 395 in
651 349 784 396 brevi
809 359 990 412 puncto
1016 351 1263 415 temporali
1287 353 1511 403 felicitate
1532 355 1711 403 functae

296 426 538 474 coelestem
562 444 788 491 sponsum
812 427 1133 474 offenderunt.

359 506 469 551 Post
494 504 823 551 discessionem
842 504 1071 553 Rodberti
1091 505 1290 564 abbatis,
1313 509 1541 556 Rodulfus
1559 511 1710 557 Mala-

297 579 482 628 Corona
516 579 773 626 avunculus
804 582 901 645 ejus
926 582 1087 629 videns
1114 582 1329 629 acerbam
1351 584 1709 633 tribulationem

298 659 345 704 in
384 667 602 721 parentes
645 675 751 704 suos
791 659 997 723 graviter
1038 661 1201 707 saevire
1225 697 1238 718 ‚
1292 672 1339 707 et
1379 671 1624 709 extraneos
1660 664 1709 708 in

296 735 508 782 Uticensi
543 735 715 792 domo,
751 754 895 801 quam
926 737 1051 801 ipse,
1080 737 1342 802 fratresque
1370 739 1440 784 sui
1473 740 1572 786 Deo
1602 757 1712 787 con-

295 823 593 871 struxerant,
631 814 1008 862 dominationem
1043 833 1289 872 exercere,
1332 816 1495 863 relicta
1537 817 1711 881 capella

296 892 445 937 sancti
487 890 675 938 Ehrulfi
692 927 705 949 ,
751 891 833 938 ubi
877 911 1015 957 supra
1056 894 1259 940 diximus
1299 912 1407 941 eum
1445 894 1674 942 habitasse
1693 931 1710 952 ‚

296 969 864 1032 Majus-Monasterium‚
902 970 950 1016 in
981 988 1077 1035 quo
1111 971 1427 1018 monachilem
1458 971 1714 1035 professio-

297 1064 409 1093 nem
431 1046 605 1094 fecerat
621 1083 635 1104 ,
663 1048 885 1111 expetiit3
920 1047 1081 1113 ibique
1104 1067 1201 1096 non
1232 1050 1386 1096 multo
1409 1060 1544 1114 post,
1584 1067 1713 1097 com-

297 1124 436 1187 pletis
463 1125 511 1170 in
537 1124 705 1171 ordine
729 1127 992 1173 monastico
1010 1144 1079 1173 vll
1109 1128 1261 1184 annis,
1286 1137 1388 1174 xlv⁰
1413 1127 1624 1174 calendas
1643 1128 1715 1175 fe-

299 1201 479 1249 bruarii
502 1203 712 1268 glorioso
736 1204 828 1250 fine
854 1205 1049 1269 quievit.

362 1280 445 1327 Vl.
467 1281 556 1327 Per
577 1280 700 1328 idem
722 1290 924 1344 tempus,
947 1281 1222 1329 Goisfredus
1238 1281 1482 1329 Marte-llus
1503 1281 1715 1347 Andega·

297 1359 513 1405 vensium
538 1376 693 1406 comes
713 1369 820 1422 post
849 1360 996 1405 multa
1017 1360 1064 1406 in
1088 1359 1227 1407 rebus
1246 1360 1403 1407 saeculi
1426 1360 1568 1408 fortia
1588 1370 1712 1424 gesta

296 1434 419 1482 obiit
441 1437 511 1499 (ι)
532 1473 546 1494 ,
570 1447 617 1483 et
642 1437 750 1501 quia
776 1436 936 1483 liberis
962 1438 1136 1494 caruit,
1164 1437 1413 1484 Goisfredo
1440 1438 1603 1501 nepoti
1628 1454 1713 1483 suo

295 1513 503 1560 Alberici
531 1515 910 1561 VVastinensium
947 1515 1133 1561 comitis
1170 1515 1270 1562 filio
1307 1514 1543 1562 honorem
1575 1531 1714 1560 suum

296 1591 508 1655 reliquit.
545 1591 698 1651 Quem
730 1592 876 1639 Fulco
903 1592 1052 1639 frater
1082 1595 1176 1656 ejus
1209 1603 1528 1657 cognomento
1554 1591 1715 1638 Richi-

296 1685 385 1713 nus
410 1678 516 1731 post
539 1668 723 1732 aliquot
748 1680 931 1732 tempus
954 1669 1283 1716 fraudulenter
1302 1670 1451 1733 cepit,
1475 1669 1715 1733 principa-

299 1754 403 1789 tum
427 1746 522 1808 ejus
545 1746 775 1809 arripuit,
811 1746 1057 1810 ipsumque
1086 1747 1136 1792 in
1163 1757 1339 1803 castro,
1367 1746 1495 1811 quod
1523 1745 1713 1791 Chinon

297 1832 510 1879 vocatur,
538 1841 623 1886 per
646 1824 841 1887 triginta
868 1841 1018 1871 annos
1044 1825 1218 1870 carceri
1243 1824 1530 1887 mancipavit
1555 1823 1644 1887 (2).

361 1900 451 1946 His
481 1899 776 1963 temporibus
812 1900 1093 1947 Willermus
1127 1901 1438 1948 Normanniae
1477 1900 1571 1946 dux
1605 1917 1714 1962 pro-

298 1976 448 2024 bitate
472 1988 517 2024 et
542 1989 774 2041 potestate
799 1978 931 2025 valde
956 1978 1217 2036 crescebat,
1247 1979 1524 2043 cunctisque
1549 1977 1716 2023 vicinis

299 2056 392 2101 suis
428 2054 706 2102 liberalitate
742 2067 787 2101 et
822 2056 1170 2119 magnificentIa
1202 2055 1598 2120 supereminebat.
1626 2055 1714 2100 Hic

301 2149 575 2196 generosam
591 2131 870 2178 Mathilclem
887 2131 1102 2178 Balduini
1121 2133 1250 2178 ducis
1266 2130 1712 2192 Flandrensiun1(5)

346 2293 396 2337 (ι)
412 2290 577 2327 Geoffroi
597 2290 728 2325 Martcl
747 2296 895 2324 mourut
913 2292 932 2323 a
951 2289 1112 2335 l’ubbaye
1127 2289 1171 2323 de
1188 2288 1448 2324 Saint-B'icolas
1464 2288 1642 2334 d'Angers
1655 2315 1664 2331 ,
1679 2287 1713 2321 le

308 2352 347 2392 14
365 2349 559 2384 novembre
583 2348 681 2383 1060.

349 2413 398 2456 (2')
417 2411 485 2445 Ces
505 2409 600 2444 deux
619 2410 806 2455 seigneurs
820 2407 993 2441 n'ctaient
1011 2407 1113 2453 point
1131 2406 1183 2440 fils
1203 2405 1388 2440 d’Albei-ie
1403 2433 1411 2447 ,
1432 2411 1551 2439 comte
1570 2403 1615 2438 de
1636 2404 1711 2437 Ga-

303 2470 425 2511 tinais,
457 2468 546 2502 mais
572 2467 617 2501 de
636 2465 797 2501 Geoffroi
813 2494 821 2507 ,
848 2472 965 2499 comte
993 2464 1038 2498 de
1062 2463 1372 2499 Clifiteaulandon.
1395 2462 1557 2498 00011101
1585 2461 1714 2496 Mai-tel

305 2528 383 2561 leui·
403 2529 495 2561 avait
514 2528 662 2573 partagc
683 2537 736 2560 ses
755 2518 853 2559 Emis
873 2537 915 2558 au
939 2524 1010 2558 lieu
1037 2524 1080 2557 (10
1107 2523 1155 2557 los
1177 2523 1300 2557 laisser
1319 2537 1364 2557 en
1387 2522 1526 2556 totali'tc'¹
1545 2524 1563 2554 a
1586 2520 1707 2561 Palae,

302 2600 442 2620 comino
454 2587 486 2620 lc
505 2587 560 2620 dit
579 2593 684 2620 notre
699 2592 840 2620 auteur.
862 2585 958 2619 C'est
976 2583 1007 2617 10
1022 2586 1040 2625 4
1055 2583 1145 2617 avril
1163 2582 1247 2630 1067
1262 2595 1333 2630 quc
1350 2582 1497 2616 celui-ci
1514 2578 1713 2622 (Geoffroi-

305 2647 477 2680 lv—Barbu
492 2650 502 2690 )
533 2647 587 2681 sut
603 2647 670 2681 fait
690 2646 896 2693 prisonnier
910 2656 975 2691 par
992 2656 1055 2677 son
1072 2644 1182 2687 frere,
1202 2639 1588 2690 Foulques-le-Recliin
1601 2666 1609 2682 ,
1626 2640 1710 2685 puis

307 2707 485 2741 renferme
506 2708 523 2739 a
544 2707 691 2741 Chinon
711 2705 742 2740 10
761 2712 855 2739 reste
873 2704 918 2739 dc
934 2716 987 2738 ses
1002 2704 1119 2749 jours.

350 2764 400 2811 (5)
419 2765 611 2800 Baudouin
632 2766 664 2802 V
679 2794 687 2807 ‚
707 2772 826 2800 comte
847 2764 893 2799 de
910 2763 1082 2800 Flandre.
