1951 3194
425 265 498 301 192
788 261 1031 300 HISTORIA
1062 260 1467 301 ECCLESIASTICA.
1699 265 1840 314 [1069]

421 342 704 390 Guillelmus
738 350 854 388 tunc
892 342 941 387 in
977 342 1107 387 Dana
1140 340 1270 406 sylva
1298 341 1369 404 (1)
1400 350 1528 398 erat,
1559 340 1720 406 ibique
1751 359 1843 407 pro

420 436 555 466 more
578 417 768 466 venatui
793 415 1005 464 vacabat.
1034 416 1137 464 Illic
1160 416 1324 464 audito
1347 418 1553 464 adventu
1574 418 1838 475 Dacorum,

419 497 578 544 statim
610 495 839 542 nuntium
871 494 1047 543 direxit
1073 494 1349 542 Eboracum
1368 531 1382 552 ‚
1417 512 1619 544 monens
1650 513 1758 544 suos
1788 507 1843 543 ut

419 592 514 623 sese
551 573 731 620 cautius
769 573 819 620 in
853 590 932 621 eos
965 582 1319 638 praepararent,
1360 573 1610 639 ipsumque
1640 574 1677 620 si
1715 573 1842 621 forte

419 651 667 699 necessitas
698 661 914 715 posceret
944 650 1246 699 advocarent.
1288 650 1705 699 Remandaverunt
1732 669 1842 699 cus-—

418 730 551 778 todes
600 729 936 794 praesidiorum
980 746 1080 777 non
1122 729 1326 794 indigeri
1368 729 1606 777 subventu
1646 731 1743 794 ejus
1783 731 1841 777 ad

417 825 616 854 annum.
637 808 740 853 Jam
759 806 987 854 Adelinus
1012 807 1111 871 (2),
1131 805 1384 855 Guallevus
1398 842 1412 864 ,
1435 807 1689 871 Siguardus
1703 843 1716 865 ,
1743 807 1842 854 alii-

417 903 511 951 que
528 895 851 950 praepotentes
873 884 1016 949 Angli
1041 884 1098 931 ad
1123 885 1283 932 Danos
1308 885 1613 932 contulerant
1636 903 1700 933 se.
1726 887 1841 934 Per-

416 974 615 1012 ventum
640 972 709 1010 est
738 962 796 1009 ad
821 962 1058 1010 Humbrae
1090 963 1172 1009 lati
1204 962 1415 1010 fluminis
1444 964 1640 1011 ostium.
1674 963 1840 1012 Adeli-

417 1058 507 1088 nus
533 1039 599 1087 ibi
617 1057 830 1088 seorsum
849 1059 874 1086 a
892 1040 1015 1088 socia
1041 1038 1180 1086 turba
1206 1057 1313 1088 cum
1333 1038 1618 1105 quibusdam
1642 1058 1838 1088 suorum

416 1119 680 1183 praedatum
705 1117 838 1164 ierat.
865 1117 995 1178 Quos
1015 1116 1227 1164 insiliens
1248 1115 1424 1162 familia
1443 1117 1565 1181 regis
1584 1134 1608 1164 e
1627 1117 1838 1165 Lincolia

417 1196 543 1260 cepit
567 1212 731 1243 omnes
744 1230 758 1253 ‚
785 1194 991 1259 exceptis
1008 1193 1197 1242 duobus
1221 1212 1332 1241 cum
1352 1194 1556 1242 Adelino
1577 1195 1768 1259 elapsis,
1791 1208 1838 1243 et

412 1274 573 1321 navim
597 1272 864 1338 confregit,
891 1290 1036 1338 quam
1061 1272 1272 1320 custodia
1295 1289 1469 1337 pavens
1494 1273 1719 1320 deseruit.

479 1351 599 1398 Dani
618 1349 890 1399 Eboracum
910 1350 1159 1408 accedunt,
1181 1350 1419 1414 nimisque
1438 1349 1703 1396 incolarum
1723 1367 1838 1398 con-

415 1429 644 1478 tubernio
668 1430 795 1476 aucti
822 1439 951 1476 sunt.
972 1428 1224 1477 Guallevus
1242 1428 1397 1484 enim,
1420 1427 1562 1474 Gaius
1585 1427 1832 1485 Patricius,

413 1510 597 1556 Marius
621 1510 830 1566 Suetius,
861 1508 1145 1564 Elnocinus‚
1168 1505 1406 1553 Archillus
1439 1516 1487 1553 et
1517 1517 1724 1571 quatuor
1748 1506 1832 1553 filii

413 1588 573 1636 Karoli
617 1586 913 1651 antesignani
953 1595 1124 1642 erant,
1167 1595 1214 1632 et
1248 1585 1406 1632 Dauos
1442 1584 1836 1650 Northwigenas-

414 1684 506 1732 que
538 1665 886 1731 praecedebant,
921 1663 1169 1710 Castellani
1202 1661 1392 1711 obviam
1422 1663 1486 1709 eis
1522 1662 1835 1710 inconsultius

415 1754 619 1800 exeunt,
649 1753 696 1790 et
725 1743 851 1789 intra
876 1740 1009 1787 urbis
1041 1740 1222 1787 moenia
1260 1739 1515 1787 infeliciter
1546 1739 1831 1805 confligunt.

414 1823 524 1870 Non
544 1821 751 1869 valentes
777 1820 993 1868 resistere
1015 1818 1314 1865 multitudini
1330 1853 1343 1875 ,
1373 1834 1539 1865 omnes
1561 1827 1643 1864 aut
1666 1817 1836 1864 interi—

414 1911 633 1957 muntur,
660 1910 739 1945 aut
766 1899 1037 1963 capiuntur.
1074 1896 1271 1944 Castella
1295 1896 1499 1944 desolata
1529 1906 1712 1960 patent.
1748 1896 1835 1943 Se—

415 1998 532 2028 curo
557 1980 655 2045 regi
686 1996 814 2025 casus
846 1995 1041 2025 suorum
1068 1976 1338 2032 nuntiatur,
1366 1973 1642 2022 terribilitas
1674 1973 1834 2021 homi-

413 2077 532 2106 num
562 2059 713 2122 major
749 2074 891 2121 quam
928 2055 988 2102 sit
1019 2054 1339 2119 amplificante
1369 2053 1492 2100 fama
1523 2052 1748 2110 refertur,
1786 2062 1833 2099 et

413 2135 542 2201 quod
571 2153 680 2182 cum
710 2135 812 2198 ipso
840 2134 1111 2180 dimicaturi
1143 2131 1441 2180 confidenter
1470 2130 1825 2195 praestolentur.

413 2215 512 2260 Rex
545 2229 659 2277 ergo
693 2222 790 2258 tam
823 2210 989 2258 dolore
1027 2227 1170 2275 quam
1207 2210 1273 2255 ira
1308 2207 1653 2263 conturbatur,
1690 2223 1742 2252 ac
1772 2206 1829 2253 ad

413 2293 568 2339 hostes
593 2308 702 2338 cum
723 2290 934 2338 exercitu
956 2305 1213 2353 properare
1230 2296 1447 2334 conatur.
1472 2285 1545 2331 Illi
1567 2301 1679 2332 vero
1697 2295 1829 2332 metu

412 2370 571 2436 magni
610 2368 854 2415 bellatoris
891 2367 940 2413 in
975 2366 1241 2413 Humbram
1274 2363 1554 2429 aufugiunt,
1595 2372 1643 2410 et
1678 2364 1825 2428 ripae,

412 2466 522 2513 quae
545 2447 805 2493 Lindissem
830 2446 900 2509 (5)
926 2444 1142 2509 attingit,
1170 2443 1427 2508 applicant.
1454 2443 1555 2506 lpse
1579 2441 1692 2487 illuc
1719 2458 1828 2487 cum

458 2609 508 2652 (1)
534 2608 581 2642 La
595 2606 691 2641 foret
709 2605 754 2640 dc
771 2605 891 2648 Dean,
911 2603 1001 2638 dans
1018 2603 1051 2638 le
1070 2604 1189 2638 comte
1210 2601 1255 2636 de
1270 2601 1473 2644 Glocester‚
1495 2600 1577 2647 pres
1592 2597 1637 2632 de
1655 2597 1687 2632 la
1712 2598 1825 2644 petite

414 2666 494 2700 ville
511 2665 557 2700 (le
576 2663 838 2700 Mitcheldean.

459 2725 508 2768 (2)
533 2724 654 2769 Edgar
672 2723 862 2770 Atheling.

459 2782 507 2826 (3)
537 2785 582 2817 Le
602 2783 768 2827 Lindsey,
788 2783 941 2817 division
960 2781 1009 2815 ‹lu
1030 2778 1298 2818 Lincolnshire,
1321 2789 1365 2811 au
1380 2775 1469 2810 midi
1484 2774 1528 2807 dc
1547 2772 1749 2808 l’Humber.
