1951 3194
140 245 411 294 [1059-1061]
630 242 782 280 LIBER
813 242 1045 281 TERTIUS.
1492 247 1541 282 75

138 333 184 370 et
213 332 523 386 receperunt,
552 322 881 387 optimumque
911 322 1115 385 ejusdem
1145 323 1335 386 Rogerii
1368 340 1543 387 equum

137 399 237 447 Deo
271 410 319 445 et
353 398 594 445 monachis
635 417 723 464 pro
757 401 852 459 ejus
885 399 1038 444 anima
1070 399 1368 446 obtulerunt.
1403 399 1542 444 Hunc

139 494 251 542 ergo
284 495 490 542 equum,
529 477 637 541 quia
675 477 905 540 pretiosus
937 489 1065 536 erat,
1100 477 1333 524 Ernaldus
1366 487 1419 522 ut
1451 476 1539 523 sibi

135 553 394 600 donaretur
424 554 586 617 petiit,
618 565 664 600 et
692 553 985 610 Baldricum‚
1024 554 1330 620 hominesque
1357 571 1464 603 suos
1494 564 1540 600 et

134 641 308 679 terram
332 632 389 679 de
412 633 685 696 Balgenzaio
710 631 923 695 pristinae
946 632 1293 679 monachorum
1318 631 1537 695 potestati

133 709 379 755 concessit.
417 708 556 768 Quod
590 718 637 754 et
669 708 732 753 ita
767 707 944 753 factum
975 718 1060 753 est.
1096 708 1332 753 Ernaldus
1364 725 1537 771 equum

131 784 405 831 consobrini
432 785 501 830 sui
531 785 721 848 Rogerii
745 802 769 830 a
798 783 1041 831 Rodberto
1070 783 1238 831 abbate
1262 785 1464 848 accepit,
1493 795 1539 831 et

132 861 400 908 Baldricum
433 873 676 927 totamque
712 874 885 910 terram
926 862 982 909 de
1018 862 1295 927 Balgenzaio
1331 862 1536 909 ecclesiae

126 939 340 988 dominio
361 940 580 987 reddidit.
608 942 848 988 Baldricus
871 951 1026 987 autem
1052 939 1180 1006 quod
1201 940 1359 1005 gravia
1386 957 1537 986 evase-

126 1027 199 1062 rat
220 1017 414 1063 Ernaldi
437 1019 624 1064 servitia
643 1017 871 1082 gaudens,
893 1018 1191 1064 dominatum
1210 1034 1370 1073 suum,
1393 1033 1536 1081 quem

126 1092 174 1139 in
193 1092 302 1140 villa
321 1094 478 1140 Sancti
498 1093 681 1140 Ebrulfi
700 1093 901 1141 hahebat
915 1130 927 1151 ,
950 1092 1192 1140 monachis
1211 1093 1356 1149 dedit,
1381 1103 1427 1139 et
1446 1103 1536 1139 ter-

124 1188 244 1228 ram,
264 1190 406 1237 quam
426 1190 562 1236 supra
582 1172 789 1219 rivulum
811 1174 991 1218 Ductus
1009 1171 1196 1218 Villaris
1216 1172 1236 1235 ζ
1247 1171 1290 1235 1)
1312 1169 1531 1226 habebat,

125 1258 170 1294 et
193 1259 369 1295 terram
393 1249 658 1296 Normauni
684 1250 818 1296 Micae
843 1261 888 1296 et
919 1249 1117 1313 Benigni
1157 1247 1362 1294 tradidit.
1396 1249 1533 1293 Tune

123 1325 363 1372 Baldricus
380 1324 624 1373 Rodberto
646 1325 801 1372 abbati
820 1327 999 1390 junctis
1023 1324 1239 1372 manibus
1260 1324 1534 1372 fidelitatem

123 1402 265 1459 fecit,
293 1415 340 1450 et
367 1405 707 1468 subjectionem
731 1406 1056 1468 justitiamque
1080 1403 1136 1450 de
1161 1422 1206 1450 se
1229 1404 1416 1467 suisque
1440 1401 1533 1449 ho-

121 1479 330 1526 minibus
354 1483 573 1545 promisit
590 1518 603 1538 ‚
626 1494 672 1528 et
694 1500 994 1546 summopere
1017 1499 1076 1528 ne
1104 1481 1336 1528 honorem
1357 1483 1452 1544 ejus
1474 1481 1531 1527 de

118 1567 350 1620 potestate
374 1558 720 1606 monachorum
749 1561 950 1623 amplius
976 1560 1256 1622 projiceret,
1293 1558 1525 1621 poposcit„

118 1634 227 1681 Hoc
259 1635 417 1700 itaque
450 1636 694 1682 monachis
729 1634 1125 1682 confirmantibus
1150 1645 1305 1680 ratum
1335 1634 1452 1690 fuit,
1483 1645 1529 1680 et

116 1720 212 1756 tam
224 1710 320 1775 ipse
334 1729 475 1775 quam
490 1711 757 1759 Rodbertus
773 1712 895 1758 filius
911 1714 1005 1775 ejus
1018 1729 1165 1776 usque
1182 1711 1230 1756 in
1245 1710 1528 1757 hodiernum

113 1787 234 1835 diem
272 1807 361 1852 pro
398 1800 521 1836 terra
553 1790 610 1837 de
642 1790 917 1855 Balgenzaio
951 1789 1251 1835 solummodo
1282 1788 1527 1834 monachis

112 1865 350 1912 militavit.

176 1943 410 1990 Uticensis
448 1946 624 2008 quippe
666 1944 850 1990 abbatia
894 1945 940 1990 in
978 1944 1122 1990 feudo
1156 1944 1212 1989 de
1250 1943 1525 2006 Balgenzaio

114 2021 354 2074 consistit,
393 2031 438 2068 et
482 2022 727 2085 saepefatus
764 2021 1004 2067 Baldricus
1040 2039 1222 2086 magnae
1262 2020 1524 2066 nobilitatis

112 2097 218 2144 fuit.
251 2099 371 2145 Nam
399 2098 689 2146 Gislebertus
718 2118 871 2148 comes
904 2100 1128 2146 Brionnae
1157 2116 1305 2163 nepos
1335 2099 1522 2145 Ricardi

113 2176 243 2223 ducis
275 2177 665 2225 Normannorum
707 2179 923 2234 Baldrico
959 2179 1226 2225 Teutonico
1264 2178 1283 2241 (
1296 2178 1376 2239 qui
1414 2194 1522 2221 cum

112 2254 329 2317 VVigerio
359 2255 506 2302 fratre
538 2273 622 2302 suo
654 2257 699 2302 in
732 2257 1074 2303 Normanniam
1098 2266 1291 2301 venerat
1320 2253 1521 2299 Rieai‘do

112 2331 218 2376 duci
242 2333 435 2396 servire)
456 2345 646 2396 neptem
666 2352 794 2379 snam
816 2335 862 2379 in
886 2333 1158 2397 conjugium
1176 2332 1330 2387 dedit,
1355 2349 1409 2376 ex
1428 2348 1520 2394 qua

114 2409 210 2454 nati
236 2420 346 2454 sunt
370 2427 443 2455 sex
474 2410 557 2456 filii
591 2422 637 2457 et
665 2412 821 2474 plures
847 2411 956 2457 filiae
982 2432 990 2456 ε
1014 2411 1233 2456 Nicotaus
1257 2409 1433 2454 scilicet
1462 2406 1519 2453 de

112 2485 390 2533 Baschevilla
417 2497 463 2533 et
488 2488 633 2534 Fulco
659 2488 714 2535 de
735 2489 891 2535 Alnou
908 2525 920 2545 ,
947 2486 1214 2534 Rodbertus
1239 2485 1295 2531 de
1319 2485 1517 2530 Cui-ceio

157 2674 206 2717 (ι)
225 2673 324 2706 Nous
344 2685 388 2705 ne
412 2672 644 2705 connaissons
661 2673 764 2717 point,
781 2685 819 2704 ce
840 2673 973 2714 Donet,
994 2672 1054 2717 qui
1076 2671 1216 2716 ‹rapi-is
1233 2684 1296 2705 son
1318 2684 1401 2705 noni
1421 2684 1503 2705 scm

114 2730 239 2765 blerait
258 2732 334 2765 filie
353 2732 445 2765 situe
464 2744 524 2765 sur
545 2731 575 2765 Ιυ
594 2732 833 2765 i«:·1-·-i=‹›im=‹lz·
856 2730 984 2765 &illm-s·
1007 2744 1049 2763 vn
1072 2731 1213 2764 chlw.
