1951 3194
414 313 492 350 280
780 311 1025 349 HISTORIA
1057 311 1460 352 ECCLESIASTICA.
1614 315 1828 364 [716-757]

415 400 592 435 cartam
612 390 765 453 sigillo
786 406 872 435 suo
889 389 1120 453 signatam
1141 391 1188 435 in
1213 392 1462 453 praesentia
1477 391 1827 455 episcoporum,

412 484 763 532 procerumque
786 484 984 513 suorum
1015 467 1317 514 confirmavit
1339 470 1432 532 (1).

479 546 542 591 Et
555 546 663 610 quia
681 545 903 608 palustris
918 544 1089 592 humus
1107 546 1376 594 Crulandiae
1391 549 1466 610 (ut
1482 549 1635 612 ipsum
1651 565 1829 596 nomen

413 624 627 678 intimam
654 622 907 669 Crulandia
927 624 1057 669 enim
1081 624 1274 670 crudam
1294 644 1303 670 ε
1326 625 1373 671 id
1390 636 1458 672 est
1478 643 1710 673 caenosam
1730 636 1831 672 ter-

410 718 511 745 ram
531 699 792 764 significat)
812 700 1037 764 lapideam
1059 701 1235 749 molem
1255 703 1486 750 sustinere
1502 721 1603 751 non
1622 713 1827 767 poterat,

410 777 638 840 praefatus
658 796 739 825 rex
767 778 979 843 ingentes
999 797 1053 825 ex
1073 797 1253 844 quercu
1277 780 1407 843 palos
1426 782 1692 827 innumerae
1709 780 1831 826 mul-

413 856 632 902 titudinis
658 855 805 903 humo
834 857 965 921 infigi
991 856 1130 913 fecit,
1167 858 1430 922 duramque
1462 870 1638 905 terram
1657 875 1832 905 novem

409 933 624 978 miliariis
649 950 733 996 per
757 951 951 997 aquam,
979 933 1036 980 de
1057 934 1339 998 Uppalonda
1367 936 1442 999 (2)
1474 957 1483 981 :
1519 935 1565 982 id
1595 946 1664 983 est
1693 952 1832 1000 supe-

409 1012 527 1058 riori
566 1022 716 1068 terra‚
760 1011 941 1074 scaphis
970 1011 1144 1058 deferri
1177 1022 1224 1059 et
1254 1012 1501 1076 paludibus
1534 1014 1830 1061 commisceri

411 1090 602 1145 statuit,
631 1100 677 1136 et
699 1090 765 1135 sic
793 1088 1020 1152 lapideam
1042 1090 1172 1153 (quia
1193 1107 1320 1137 sacer
1339 1090 1599 1138 Guthlacus
1617 1092 1831 1139 oratorio

412 1176 667 1214 contentus
687 1177 755 1212 est
772 1166 952 1230 ligneo)
974 1166 1213 1212 basilicam
1235 1169 1385 1231 coepit
1401 1180 1449 1215 et
1466 1169 1828 1215 consummavit.

412 1244 598 1291 Deinde
614 1244 860 1309 religiosos
881 1243 945 1290 ibi
968 1246 1094 1291 viros
1113 1246 1397 1310 aggregavit,
1421 1246 1702 1293 coenobium
1719 1263 1833 1293 con-

412 1321 556 1377 didit,
601 1321 896 1368 ornamentis
929 1332 976 1367 et
1012 1320 1197 1378 fundis,
1233 1322 1430 1387 aliisque
1462 1322 1639 1368 divitiis
1675 1321 1832 1368 locum

413 1397 610 1457 ditavit,
638 1397 695 1444 ad
719 1397 955 1446 honorem
982 1398 1066 1444 Dei
1096 1408 1141 1444 et
1166 1400 1313 1445 sancti
1341 1398 1654 1455 anachoritae,
1691 1416 1835 1464 quem

414 1475 548 1523 valde
573 1474 824 1528 dilexerat,
849 1493 938 1540 pro
966 1475 1094 1522 dulci
1124 1476 1474 1533 consolatione,
1502 1494 1644 1542 quam
1666 1475 1725 1522 ab
1750 1493 1833 1532 eo,

415 1552 530 1598 dum
560 1551 801 1608 exulabat,
833 1552 1077 1599 multoties
1101 1564 1392 1617 perceperat.
1421 1553 1657 1600 Eumdem
1680 1553 1837 1617 itaque

415 1631 577 1676 locum
591 1630 722 1676 omni
745 1630 838 1675 vita
859 1648 936 1676 sua
953 1630 1118 1676 dilexit
1133 1666 1145 1686 ,
1168 1648 1255 1677 nec
1274 1648 1482 1696 unquam
1503 1641 1611 1694 post
1632 1631 1836 1694 primam

416 1708 842 1763 instaurationem,
880 1725 1022 1771 quam
1048 1706 1171 1754 idem
1196 1726 1278 1754 rex
1307 1708 1444 1763 fecit,
1475 1708 1602 1756 sedes
1627 1708 1836 1754 Crulan-

416 1784 506 1831 diae
539 1785 876 1848 religiosorum
906 1783 1199 1831 habitatione
1228 1785 1575 1832 monachorum
1604 1802 1752 1849 usque
1787 1785 1834 1830 in

416 1861 706 1907 hodiernum
721 1860 846 1906 diem
865 1861 1016 1905 caruit
1032 1861 1120 1923 (3).
1146 1861 1381 1907 Kenulfus
1394 1860 1587 1925 quidam
1606 1861 1654 1907 in
1671 1859 1836 1907 diebus

419 1938 510 1983 illis
539 1954 724 2001 magnae
748 1936 890 1983 famae
916 1936 1033 1993 fuit,
1065 1937 1148 2002 qui
1176 1937 1517 1984 monasterium
1544 1937 1591 1983 S.
1616 1936 1836 1983 Guthlaci

417 2032 504 2079 per
532 2014 725 2078 aliquod
758 2025 942 2077 tempus
971 2015 1121 2071 rexit,
1159 2033 1183 2060 a
1215 2032 1312 2079 quo
1343 2014 1651 2061 Kenulfestan
1687 2013 1838 2060 adhuc

419 2093 596 2139 dicitur
614 2093 755 2156 lapis,
780 2110 922 2157 quem
941 2093 1036 2156 ipse
1055 2110 1145 2157 pro
1165 2093 1316 2140 limite
1335 2103 1502 2139 contra
1518 2093 1838 2156 Depingenses

420 2172 582 2235 posuit
607 2172 699 2234 (4).

469 2345 519 2388 (1)
546 2343 670 2388 Voycz
682 2341 770 2376 dans
782 2341 966 2388 Ingulphe
978 2370 986 2384 ,
1001 2355 1036 2388 p.
1053 2354 1071 2375 ¹),
1086 2370 1094 2385 ,
1109 2349 1202 2376 cette
1215 2342 1340 2376 charte
1355 2342 1417 2388 qui
1433 2347 1537 2387 porte
1551 2340 1583 2374 la
1597 2339 1679 2374 date
1694 2339 1739 2374 de
1758 2340 1837 2387 716.

472 2404 521 2449 (2)
551 2404 596 2437 La
622 2401 833 2436 traduction
856 2402 901 2436 de
927 2409 1033 2436 notrc
1062 2409 1192 2436 auteur
1217 2409 1270 2436 est
1296 2402 1341 2435 ici
1363 2401 1620 2447 parsaitement
1640 2400 1750 2446 juste.
1776 2400 1841 2434 Les

422 2462 610 2497 habitants
630 2461 692 2495 des
710 2461 842 2495 mamis
861 2473 897 2495 sc
917 2468 1060 2495 servent
1077 2473 1209 2496 encore
1228 2460 1278 2494 du
1295 2467 1373 2495 mot
1393 2459 1537 2506 upland
1555 2471 1648 2506 pour
1670 2458 1840 2505 designer

425 2521 475 2555 les
494 2521 649 2555 terrains
668 2521 892 2566 supericur&

474 2580 523 2627 (5)
549 2583 579 2615 T
584 2588 670 2615 oute
688 2581 719 2614 la
737 2581 883 2626 portion
908 2579 1128 2626 precedente
1145 2579 1189 2613 de
1208 2592 1247 2613 ce
1274 2578 1501 2625 paragraphe
1517 2585 1572 2612 est
1590 2578 1806 2623 empruntcc
1825 2577 1844 2610 ἐι

427 2641 611 2687 lngulplic
631 2643 650 2674 ἐι
669 2652 739 2686 peu
760 2640 842 2685 pres
862 2639 1134 2673 litteralement.

474 2702 524 2744 (43)
550 2700 600 2733 Co.
617 2711 841 2745 personnagc
859 2699 947 2733 ctait
965 2712 1015 2733 un
1031 2699 1153 2733 moinc
1168 2697 1395 2741 ‹l'Eves-ham,
1417 2688 1673 2744 qu⁷Ethclbald
1688 2695 1843 2741 chargca

430 2758 474 2792 dc
499 2758 793 2792 l⁷‹'·lal›lisscincnt
813 2758 861 2791 du
889 2759 1093 2792 monastero
1112 2758 1157 2792 dc
1182 2756 1378 2802 Croyland
1407 2757 1661 2801 Πιερία-ρωπος
1687 2761 1767 2788 sont
1794 2753 1844 2787 les

433 2818 615 2851 habituum
635 2817 677 2850 ‹l‹·
701 2819 881 2863 lna-pina,
903 2831 945 2852 au
969 2818 1144 2851 canebant
1164 2817 1206 2849 «lv
1224 2815 1430 2851 Crowland.
