1951 3194
126 282 282 331 [10782]
604 280 757 318 LIBER
787 280 1043 327 QUARTUS.
1465 283 1542 319 295

123 359 385 420 praestolari
415 360 661 421 persuasit.
691 359 773 405 Ille
796 375 911 405 vero
942 357 1072 423 quod
1106 376 1129 404 a
1164 369 1297 421 patre
1327 358 1395 403 nil
1426 375 1540 405 con-

122 436 253 500 sequi
289 446 476 500 poterat
508 453 631 501 aegre
665 436 806 492 tulit,
843 446 890 482 et
919 446 1197 501 arroganter
1228 445 1396 483 contra
1432 453 1541 483 eum

123 514 405 579 plerumque
440 515 659 579 litigavit.
695 514 812 560 Erat
844 515 970 561 enim
1006 515 1180 579 loquax
1207 524 1253 561 et
1284 513 1536 579 prodigus,

121 591 272 637 audax
294 602 342 638 et
366 592 415 637 in
440 592 581 637 armis
604 589 939 654 probissimus,
965 590 1105 638 fortis
1129 601 1379 656 certusque
1399 592 1539 656 sagit-

122 668 292 725 tarius,
310 685 426 716 voce
447 668 567 713 clara
586 678 633 714 et
654 666 824 724 libera,
846 666 1006 731 lingua
1030 667 1221 725 diserta,
1243 667 1363 715 facie
1381 667 1539 725 obesa,

120 760 322 808 corpore
347 745 540 809 pingui,
578 744 803 809 brevique
829 753 1032 799 statura,
1059 743 1186 791 unde
1220 745 1362 809 vulgo
1393 743 1542 791 Gam-

120 821 269 869 baron
291 823 365 886 (1)
392 822 755 887 cognominatus
778 833 871 879 est,
894 832 939 869 et
964 822 1313 870 Brevis-ocrea.

184 900 440 964 Quondam
467 901 582 946 dum
617 918 699 947 rex
730 911 897 947 contra
923 899 1274 948 Corbonienses
1300 901 1371 964 (2)
1399 918 1544 964 expe-

119 977 353 1024 ditionem
391 977 544 1025 facere
581 989 895 1042 praepararet,
938 987 986 1024 et
1028 977 1076 1023 in
1116 977 1294 1042 oppido
1332 977 1541 1024 Richerii

120 1056 275 1120 (quod
294 1073 385 1120 pro
404 1056 519 1103 nido
539 1056 711 1121 aquilae
736 1056 912 1103 ibidem
935 1057 983 1102 in
1003 1074 1183 1121 quercu
1199 1066 1409 1120 reperto,
1428 1056 1543 1102 dum

117 1145 324 1180 castrum
343 1135 368 1181 a
388 1135 618 1182 Fulberto
635 1135 770 1182 fieret
784 1170 796 1188 ‚
820 1135 991 1200 Aquila
1009 1134 1209 1198 dicitur)
1230 1135 1301 1198 (3)
1322 1135 1371 1181 in
1396 1133 1542 1182 domo

118 1211 350 1259 Gunherii
379 1213 717 1277 hospitaretur,
745 1213 802 1259 lis
830 1214 956 1260 inter
987 1213 1109 1260 filios
1133 1214 1254 1278 regis
1272 1213 1430 1260 oritur
1447 1211 1542 1259 dae-

120 1290 333 1347 monica,
362 1291 489 1337 unde
515 1290 825 1355 postmodum
853 1291 1019 1338 multae
1050 1291 1409 1355 pullulaverunt
1438 1290 1542 1338 lites

117 1377 165 1413 et
187 1366 396 1415 facinora
412 1369 506 1432 (4).
530 1368 648 1414 Nam
674 1368 771 1415 duo
795 1368 966 1415 fratres
988 1389 997 1414 :
1022 1367 1306 1415 Guillelmus
1324 1368 1477 1415 Rufus
1496 1379 1543 1416 et

118 1446 374 1502 Henrieus‚
397 1446 520 1511 patri
543 1445 789 1503 favebant,
817 1447 1036 1511 viresque
1061 1464 1162 1492 suas
1184 1445 1408 1493 fraternis
1430 1446 1541 1492 viri-

117 1520 204 1568 bus
223 1540 379 1588 aequas
396 1522 682 1570 arbitrantes
694 1560 707 1581 ‚
730 1524 981 1588 indignum
994 1522 1233 1570 ducebant
1248 1522 1378 1587 quod
1394 1522 1542 1570 frater

115 1617 284 1646 eorum
309 1601 436 1648 solus
461 1600 633 1648 habere
657 1601 863 1665 patrium
887 1603 963 1665 jus
988 1599 1254 1658 ambiebat,
1282 1610 1330 1646 et
1354 1600 1542 1664 agmine

117 1677 345 1724 clientum
384 1677 473 1725 sibi
513 1678 805 1744 obsequente
832 1697 917 1743 par
947 1678 1071 1743 patri
1105 1677 1328 1725 aestimari
1359 1694 1540 1741 perop-

118 1752 262 1800 tabat.
301 1755 439 1802 Unde
474 1757 523 1802 in
555 1755 802 1820 Aquilensi
836 1765 990 1801 castro
1025 1753 1082 1800 ad
1112 1753 1375 1818 hospitium
1411 1753 1541 1800 Rod-

115 1829 238 1877 berti
256 1867 268 1887 ,
310 1831 438 1896 quod
480 1833 529 1878 in
569 1832 714 1879 domo
756 1833 949 1896 Rogerii
991 1831 1193 1896 Calcegii
1239 1841 1506 1894 susceperat
1523 1867 1536 1888 ‚

118 1918 382 1964 venerunt,
421 1908 581 1972 ibique
609 1926 748 1972 super
772 1908 997 1954 solarium
1024 1907 1097 1970 (5)
1123 1908 1273 1969 (sicut
1306 1906 1539 1953 militibus

161 2125 212 2170 (1)
239 2125 414 2172 Ducange
424 2137 534 2172 pense
548 2137 619 2172 que
632 2124 846 2160 Gambaron
860 2131 948 2171 peut
957 2125 1129 2171 provenir
1141 2124 1186 2158 de
1200 2124 1346 2171 gambes
1360 2125 1537 2171 (jambes)

116 2183 261 2218 rondes.

159 2245 209 2286 (2)
238 2243 304 2277 Les
323 2243 507 2278 habitants
524 2243 575 2277 du
594 2243 840 2286 Corbonnais,
863 2243 992 2277 ancien
1012 2254 1134 2289 pagus
1151 2242 1268 2276 borne
1282 2244 1301 2276 a
1316 2242 1398 2277 rest
1417 2255 1483 2290 par
1502 2243 1534 2277 la

113 2301 363 2336 Commanche
380 2308 417 2337 et
433 2302 612 2346 l'Huisne,
633 2309 670 2336 et
686 2314 732 2336 au
751 2301 972 2336 nord-ouest
984 2313 1050 2348 par
1067 2301 1102 2336 la
1121 2300 1265 2344 Sarthe‚
1286 2307 1323 2335 et
1337 2301 1401 2348 qui
1421 2314 1440 2335 a
1456 2314 1534 2336 em-

113 2361 248 2406 prunte',
266 2372 332 2406 par
354 2360 388 2394 la
414 2360 507 2395 suite
528 2363 548 2395 ἐι
571 2360 602 2396 la
628 2361 722 2396 foret
749 2361 875 2407 quien
900 2361 1069 2408 occupait
1096 2361 1129 2395 la
1154 2360 1317 2405 majeure
1337 2360 1472 2407 partie,
1502 2361 1535 2395 le

115 2431 201 2454 nom
219 2418 264 2454 de
282 2420 432 2454 Perche.

160 2478 210 2525 (3)
236 2479 285 2513 La
305 2479 387 2514 ville
404 2479 449 2513 de
467 2480 603 2525 Laigle.

160 2540 210 2584 (4)
236 2540 283 2573 La
311 2538 395 2573 date
423 2541 442 2573 a
470 2538 625 2585 laquelle
652 2538 852 2573 eclaterent
870 2551 926 2573 ces
956 2539 1177 2574 dissensions
1206 2538 1454 2585 domestiques
1479 2546 1532 2573 est

114 2611 206 2634 assez
222 2599 368 2634 difficile
382 2602 400 2634 ἐι
419 2599 655 2634 determinet·⁴
677 2598 865 2633 plusieurs
883 2599 1008 2633 motifs
1022 2610 1114 2634 nous
1128 2604 1278 2645 portent
1291 2600 1310 2633 ἐι
1327 2598 1445 2632 croire
1458 2610 1530 2646 que

114 2670 152 2692 «tc
172 2659 226 2693 sut
244 2671 289 2694 en
318 2659 401 2706 1078
415 2687 422 2701 ,
443 2659 546 2704 apres
571 2657 601 2692 la
628 2658 706 2704 paix
725 2657 768 2691 de
788 2657 1073 2701 Blanchclandm
1098 2658 1185 2692 mais
1202 2669 1293 2693 nous
1318 2657 1461 2693 n'osons
1481 2658 1531 2693 les

115 2719 298 2763 presenter
316 2730 456 2753 comme
476 2717 719 2752 entierement
742 2717 898 2752 decisiss.

162 2775 209 2818 (5)
236 2777 266 2811 A
282 2777 408 2824 Fet-”ige
429 2778 630 2823 superiour,
650 2789 693 2811 au
712 2777 883 2823 premier.
