1951 3194
287 222 365 259 126
653 221 894 260 HISTORIA
925 221 1327 263 ECCLESIASTICA.
1566 229 1705 281 [1066]

284 301 497 365 priorem
512 301 652 365 elegit
665 337 678 361 ,
700 302 837 366 eique
856 318 940 364 per
959 305 1242 365 pastoralem
1259 304 1483 353 baculum
1503 309 1707 357 exterio-

282 397 386 426 rem
409 397 571 426 euram
608 379 802 425 tradidit
818 415 831 436 ,
860 389 906 426 et
930 380 1162 443 praedicto
1185 382 1412 441 antistiti,
1437 394 1492 430 ut
1515 403 1566 432 ea
1598 403 1706 451 quae

283 455 371 503 sibi
397 456 454 503 de
475 455 709 520 spirituali
731 473 842 501 cura
865 456 1200 520 competebant
1230 460 1497 524 suppleret,
1521 480 1706 526 praece-

283 535 373 599 pit.
393 535 476 582 Ille
500 551 612 580 vero
628 533 834 581 libenter
858 535 1018 581 omnia
1040 536 1314 600 complevit.

347 612 531 659 Eodem
562 611 637 658 die
674 612 744 676 (1)
770 611 868 658 dux
896 612 1130 659 domnum
1148 614 1470 661 Lanfraneum
1500 619 1707 663 Beccen-

283 689 405 735 sium
425 690 639 754 priorem
660 707 821 737 coram
847 708 894 737 se
918 690 1074 737 adesse
1100 691 1378 755 imperavit,
1402 692 1539 757 eique
1565 692 1708 740 abba-

282 767 424 825 tiam,
461 785 604 832 quam
639 767 736 832 ipse
772 766 868 814 dux
895 768 944 814 in
975 767 1161 816 honore
1192 770 1236 815 S.
1275 769 1500 833 Stephani
1534 780 1708 834 proto-

280 846 506 910 martyris
543 845 666 909 apud
700 844 963 893 Cadomum
1004 844 1356 893 honorabiliter
1392 846 1706 906 fundaverat,

282 921 652 970 commendavit.
691 922 986 970 Lanfrancus
1020 923 1177 988 itaque
1217 924 1401 988 primus
1439 925 1708 973 Cadomen-

281 1000 405 1048 sium
432 999 576 1046 abbas
601 999 753 1046 faetus
778 1010 873 1058 est,
901 1000 980 1047 sed
1002 1001 1146 1065 paulo
1176 1012 1285 1065 post
1307 1001 1364 1048 ad
1396 1002 1706 1050 Cantuarien—

281 1097 378 1126 sem
402 1077 861 1143 archiepiscopatum
900 1089 1152 1142 promotus
1179 1090 1263 1127 est.
1306 1081 1424 1126 Erat
1458 1079 1579 1127 idem
1618 1099 1708 1127 na-

282 1157 414 1203 tione
469 1155 834 1220 Langobardus,
888 1155 1158 1203 liberalium
1214 1158 1391 1203 artium
1438 1157 1708 1205 eruditione

279 1233 533 1281 affluenter
579 1233 792 1281 imbutus
810 1270 823 1291 ,
865 1233 1186 1299 benignitate,
1227 1235 1444 1299 largitate
1490 1245 1538 1281 et
1571 1236 1706 1282 omni

279 1314 511 1378 religione
535 1313 792 1378 praeditus,
825 1312 1137 1378 eleemosynis
1160 1312 1357 1378 aliisque
1374 1312 1516 1360 bonis
1540 1313 1707 1360 studiis

278 1391 613 1456 multiplieiter
636 1392 868 1438 intentus.
890 1391 979 1437 Hic
996 1391 1227 1437 nimirum
1248 1410 1271 1437 a
1294 1391 1369 1438 die
1384 1429 1396 1452 7
1419 1409 1517 1457 quo
1535 1391 1707 1455 primi-

280 1480 354 1515 tus
386 1470 510 1532 apud
540 1468 927 1516 Bonam-Villam
969 1469 989 1531 <
1000 1479 1054 1514 ut
1091 1467 1473 1533 praelibavimus)
1499 1469 1706 1516 ecclesiae

278 1549 490 1612 regimen
518 1547 745 1610 suscepit,
773 1563 875 1592 XXII
901 1547 1037 1593 annis
1057 1557 1103 1593 et
1129 1564 1175 1593 1x
1201 1547 1444 1594 mensibus
1473 1548 1635 1594 multis
1654 1548 1706 1596 in

278 1624 423 1671 domo
441 1624 526 1670 Dei
544 1623 761 1670 fidelibus
780 1623 1035 1688 proficiens
1061 1623 1290 1672 nobiliter
1314 1626 1500 1673 claruit.

343 1699 652 1748 venerandus
667 1701 804 1765 Hugo
821 1701 1067 1765 episcopus
1085 1702 1444 1766 magnanimum
1463 1702 1548 1748 Dei
1561 1702 1703 1750 clien-

280 1789 377 1825 tem
408 1779 694 1826 Mainerium
717 1781 849 1843 jussu
877 1780 1007 1825 (lueis
1025 1780 1223 1826 Utieum
1250 1779 1472 1839 adduxit,
1499 1798 1704 1845 eumque

278 1856 540 1904 secundum
579 1867 750 1902 statuta
788 1873 1029 1903 canonum
1060 1868 1169 1904 ante
1206 1858 1351 1904 altare
1392 1858 1541 1904 sancti
1575 1858 1704 1905 Petri

278 1934 608 1999 apostolixv11⁰
629 1935 717 1980 kal.
733 1935 914 1999 augusti
938 1933 1196 1982 benedixit.
1217 1935 1301 1983 Ille
1315 1947 1473 1984 autem
1486 1946 1702 2000 suscepto

276 2012 475 2058 nomine
499 2010 680 2058 abbatis
707 2023 754 2058 et
777 2029 922 2059 onere
941 2011 1243 2060 laudabiliter
1265 2013 1411 2069 vixit,
1439 2023 1486 2060 et
1513 2030 1703 2077 suseep-

278 2100 383 2135 tum
401 2090 615 2154 regimen
630 2106 735 2135 xxu
753 2089 889 2135 annis
909 2099 956 2136 et
973 2107 1044 2137 vn
1066 2090 1307 2137 mensibus
1325 2090 1508 2137 utiliter
1524 2091 1697 2147 tenuit,

275 2167 537 2232 multisque
560 2166 713 2213 modis
749 2169 1093 2214 monasterium
1118 2167 1206 2214 sibi
1238 2168 1543 2214 commissum
1569 2167 1698 2213 intus

277 2255 324 2291 et
342 2244 546 2291 exterius
564 2246 761 2308 juvante
784 2243 884 2291 Deo
919 2244 1204 2292 emendavit.
1232 2247 1417 2291 Fratres
1437 2253 1595 2290 autem
1610 2242 1698 2304 be-

275 2325 487 2389 nigniter
517 2323 692 2370 sedavit
717 2324 905 2370 solertia
931 2334 977 2371 et
996 2325 1208 2380 ratione,
1239 2323 1321 2388 qui
1346 2322 1695 2388 aliquantulum

322 2558 375 2599 (Ι)
400 2556 514 2590 Notre
538 2562 667 2590 auteur
685 2568 704 2590 a
732 2555 879 2602 neglige
897 2555 1107 2603 d’indiquer
1124 2555 1158 2589 la
1183 2555 1265 2590 date
1284 2555 1422 2602 precise
1446 2553 1491 2588 de
1513 2564 1571 2587 ces
1595 2551 1689 2586 deux

276 2615 527 2657 investiture83
547 2628 687 2650 comme
704 2616 859 2651 Mainier
876 2616 932 2650 sut
952 2615 1094 2650 installe
1112 2615 1145 2650 le
1165 2615 1356 2661 16juillet,
1378 2621 1416 2649 et
1431 2624 1503 2661 que
1522 2623 1587 2646 son
1602 2614 1688 2658 pre-

275 2674 465 2708 ‹l‹³cesseur
484 2676 571 2709 etait
588 2683 685 2711 mort
701 2676 734 2710 le
753 2687 796 2724 27
814 2676 904 2720 mai,
927 2688 974 2711 on
993 2675 1072 2710 doit
1089 2677 1207 2711 croire
1221 2676 1369 2723 qu’elles
1386 2679 1516 2709 eurent
1532 2671 1604 2707 lieu
1620 2674 1638 2706 ii
1656 2673 1689 2707 la

277 2731 323 2764 fiii
345 2731 388 2764 (le
402 2732 483 2776 juin
501 2746 546 2766 ou
567 2748 610 2767 au
631 2743 942 2770 commencenwnt
962 2736 1006 2769 dc
1022 2735 1154 2780 juillet.
