1951 3194
294 243 311 278 1
320 242 372 280 22
652 243 896 283 HISTORIA
926 243 1332 285 ECCLESIASTICA.
1565 249 1709 300 [1066]

288 319 448 383 plures
489 319 689 367 militari
725 333 972 370 stemmate
1013 322 1192 370 feroces
1211 359 1224 380 ,
1273 342 1504 390 sensuque
1557 327 1706 392 sagaci

287 397 583 463 consilioque
606 408 854 462 potentes,
884 401 967 464 qui
986 401 1205 448 Romano
1223 403 1403 449 senatui
1424 403 1603 451 virtute
1627 421 1709 450 seu

286 475 561 522 maturitate
580 492 681 522 non
699 475 937 534 cederent,
965 476 1044 525 sed
1068 478 1125 525 ad
1149 477 1362 526 laborem
1384 480 1704 537 tolerandum,

287 550 569 617 hostemque
595 563 692 600 tam
718 554 912 619 ingenio
931 573 1076 621 quam
1097 556 1382 604 fortitudine
1398 558 1705 617 vincendum,

287 631 570 696 aequiparari
601 632 864 681 studerent.

353 709 528 756 Omnes
554 709 603 756 hi
627 711 684 758 ad
706 729 963 761 commune
985 713 1234 762 decretum
1251 719 1385 778 jussu
1408 714 1541 761 ducis
1575 714 1711 760 acciti

287 798 423 846 sunt,
451 800 499 836 et
520 788 677 836 audita
709 808 761 838 re
793 801 891 837 tam
917 792 1112 857 grandi,
1140 803 1308 857 utpote
1334 792 1506 839 diversi
1532 791 1713 839 diversa

287 878 556 915 senserunt.
579 868 907 917 Animosiores
939 871 1112 935 cupido
1145 871 1253 919 duci
1277 871 1434 919 favere
1468 871 1709 929 volentes,

287 944 345 991 ad
378 956 617 993 certamen
656 948 725 995 ire
761 948 912 996 socios
936 949 1228 1008 incitabant,
1257 961 1540 1016 tantumque
1565 967 1714 1014 nego-

287 1023 410 1069 tium
435 1025 535 1071 sine
560 1042 693 1072 mora
721 1026 932 1090 incipere
952 1026 1224 1074 laudabant.
1248 1028 1344 1074 Alii
1365 1045 1479 1075 vero
1504 1027 1714 1074 laborio-

287 1118 392 1147 sum
424 1119 543 1166 opus
580 1103 702 1151 inire
727 1102 1087 1163 dissuadebant,
1115 1106 1417 1170 nimiumque
1447 1105 1567 1151 ausis
1594 1116 1641 1151 et
1664 1105 1714 1150 in

287 1197 455 1226 necem
487 1181 818 1244 praecipitibus
856 1182 1007 1228 multa
1046 1183 1322 1246 importuna
1361 1193 1408 1229 et
1440 1182 1715 1228 discrimine

286 1256 426 1320 plena
458 1257 849 1322 praetendebant,
885 1260 1095 1323 pericula
1133 1261 1277 1306 maris
1317 1270 1364 1307 et
1393 1259 1715 1306 difficultatem

288 1335 443 1382 classis
491 1336 828 1401 opponebant,
879 1338 1374 1404 Normannorumque
1427 1338 1715 1403 paucitatem

285 1429 387 1459 non
402 1430 537 1476 posse
550 1414 742 1462 vincere
757 1414 1027 1480 Anglorum
1047 1415 1410 1462 multitudinem
1425 1414 1712 1462 asserebant.

289 1491 502 1538 Tandem
519 1492 843 1540 Gislehertum
862 1494 1203 1540 Lexoviensem
1217 1494 1622 1541 Archidiaconum
1640 1493 1715 1556 (1)

288 1568 492 1614 Romam
514 1570 644 1616 misit
658 1606 670 1626 ,
700 1579 745 1617 et
765 1569 821 1617 de
837 1569 907 1617 his
928 1588 1035 1635 quae
1056 1571 1342 1629 acciderant,
1364 1571 1422 1618 ab
1443 1569 1715 1619 Alexandro

286 1644 409 1709 Papa
430 1646 683 1692 consilium
699 1647 966 1710 requisivit.
984 1649 1107 1712 Papa
1123 1664 1236 1695 vero
1261 1648 1431 1694 auditis
1447 1647 1589 1695 rebus
1607 1664 1715 1712 quae

289 1722 618 1787 contigerant,
651 1724 868 1789 legitimo
900 1725 1008 1772 duci
1043 1725 1185 1784 favit,
1215 1725 1436 1772 audacter
1474 1743 1603 1771 arma
1636 1741 1717 1770 su-

291 1914 342 1948 du
356 1921 476 1949 comte
491 1906 692 1958 d’Evreux;
712 1916 927 1951 Guillaume
945 1917 1231 1961 Fitz-Osberne,
1249 1918 1375 1952 cousin
1393 1918 1468 1952 issu
1485 1917 1531 1951 de
1551 1917 1717 1964 germain

292 1974 343 2009 du
363 1975 454 2019 duc;
473 1975 688 2011 Guillaume
707 1977 752 2010 Ier
771 1976 815 2012 de
835 1978 1027 2022 Varenne‚
1050 1978 1154 2013 oncle
1172 1980 1192 2012 a
1210 1977 1244 2012 la
1270 1977 1378 2013 mode
1404 1978 1448 2013 de
1467 1979 1646 2025 Bretagne
1666 1976 1717 2011 du

293 2034 383 2077 duc;
399 2037 553 2082 Hugues
568 2036 602 2071 le
616 2036 837 2080 Bouteiller3
852 2038 1006 2085 Hugues
1024 2038 1069 2073 de
1085 2038 1380 2081 Grentemesnss3
1401 2038 1526 2084 Roger
1539 2037 1584 2072 de
1597 2038 1717 2072 Mont-

292 2093 371 2128 brai
386 2095 483 2141 (pres
497 2095 729 2140 Coutanees),
746 2096 842 2130 frere
857 2096 901 2131 de
916 2096 1078 2144 l'eveque
1092 2097 1258 2132 Geoffroi
1273 2112 1281 2140 3
1296 2096 1420 2143 Roger
1434 2096 1479 2131 de
1494 2096 1714 2138 Beaumont,

293 2154 420 2188 cousin
434 2154 509 2188 issu
526 2153 571 2188 de
592 2155 756 2201 germain
774 2154 825 2189 du
839 2154 910 2190 duc
928 2155 1086 2200 Robert3
1102 2156 1227 2204 Roger
1242 2156 1287 2190 de
1301 2155 1588 2202 Montgommeri
1599 2182 1608 2197 ‚
1626 2153 1718 2189 dont

291 2212 326 2246 le
353 2213 440 2259 pere
466 2213 554 2248 etait
578 2214 706 2248 cousin
726 2214 801 2248 issu
825 2214 870 2249 de
892 2216 1057 2261 germain
1088 2215 1139 2249 du
1165 2215 1238 2250 duc
1264 2214 1425 2256 Robert3
1454 2212 1646 2247 Baudouin
1672 2212 1718 2247 de

292 2271 434 2307 Meules
463 2279 499 2307 et
526 2271 691 2307 Richard
718 2273 764 2308 de
792 2274 987 2319 Biensaite,
1020 2275 1164 2310 cousins
1193 2275 1284 2309 issus
1310 2273 1355 2308 de
1379 2273 1544 2320 germain
1572 2272 1624 2306 du
1646 2271 1718 2307 duc

294 2332 521 2367 Guillaume.

342 2391 393 2437 (1)
419 2392 521 2427 Nous
541 2403 698 2439 pensons
716 2404 788 2439 que
806 2391 928 2427 c’etait
944 2393 1131 2428 Gislebert
1149 2392 1330 2427 Maminot
1342 2420 1351 2435 ,
1374 2391 1428 2425 fils
1443 2391 1488 2425 dc
1512 2390 1654 2425 Robert
1671 2389 1717 2424 de

294 2452 531 2499 Courbepine
549 2453 652 2499 (pres
671 2453 841 2500 Bernai),
867 2461 904 2488 et
925 2454 989 2501 qui
1008 2453 1065 2488 fut
1092 2452 1228 2500 eveque
1247 2451 1292 2487 de
1318 2451 1463 2486 Lisieux
1480 2463 1526 2486 en
1551 2462 1658 2497 1077;
1679 2459 1719 2482 cc

297 2524 523 2560 personnage
532 2512 701 2559 jouissait
720 2513 765 2548 de
784 2520 887 2548 toute
906 2513 940 2548 la
958 2513 1143 2548 confiance
1161 2512 1206 2547 de
1225 2511 1457 2554 Guillaume‚
1479 2510 1570 2544 dont
1587 2508 1612 2542 il
1631 2507 1719 2541 etait

297 2573 318 2605 a
335 2572 367 2605 la
384 2573 452 2607 fois
471 2573 505 2608 le
523 2574 715 2620 chapelain
733 2581 770 2609 et
785 2574 818 2609 le
833 2574 1012 2609 medecin.
1031 2574 1129 2609 C’est
1149 2572 1427 2620 probablement
1441 2572 1460 2604 a
1478 2569 1593 2616 partir
1607 2566 1652 2601 de
1665 2566 1718 2600 lui

299 2643 371 2677 que
384 2631 434 2666 les
453 2634 606 2681 exeques
625 2634 671 2670 de
685 2635 829 2670 Lisieux
847 2642 913 2670 ont
924 2635 1004 2682 joui
1018 2633 1347 2670 hereditairenient
1363 2631 1455 2666 dela
1471 2628 1608 2677 qualite
1622 2626 1719 2661 d’au-

302 2690 461 2725 manici-s
480 2692 542 2727 des
562 2694 650 2730 dues
670 2695 715 2731 de
735 2695 979 2740 Normandie‚
1002 2703 1038 2731 ct
1056 2695 1100 2731 de
1120 2694 1354 2741 l'cxemption
1373 2692 1593 2737 importante
1612 2687 1676 2735 qui
1695 2700 1716 2732 y

304 2751 391 2785 ctait
411 2753 585 2787 attachcc.
