1951 3194
120 272 384 322 {1061-1063]
604 269 756 309 LIBER
785 269 1018 309 numus.
1470 277 1521 312 33

121 368 230 397 cum
245 360 450 414 quatuor
465 349 697 395 militibus
715 349 1001 396 Escalfoium
1019 350 1167 406 venit,
1189 362 1235 397 et
1255 352 1302 397 in
1318 363 1522 399 castrum

122 445 230 474 cum
255 428 347 473 suis
371 426 491 472 clam
522 428 783 490 ingressus,
820 427 867 472 in
894 444 1110 491 magnam
1136 428 1523 477 vociferationem

124 505 362 568 prorupit.
398 503 550 562 Quam
579 513 631 548 ut
658 520 716 548 Lx
747 503 920 549 milites
944 503 1073 549 ducis
1104 504 1380 564 audierunt,
1404 526 1529 572 mag-

129 598 248 626 num
275 598 382 626 cum
403 580 608 626 Ernaldo
634 579 889 625 exercitum
917 579 1069 626 adesse
1099 592 1410 643 putaverunt,
1442 594 1531 631 ter-

128 659 323 723 ritique,
341 668 544 703 castrum
557 655 685 720 quod
696 656 932 702 custodire
943 655 1118 703 debeba
1126 668 1179 704 nt
1193 660 1513 725 relinquentes
1520 697 1532 717 ‚

130 734 434 798 aufugerunt.
463 735 530 778 At
554 732 630 777 ille
658 731 814 795 ignem
841 731 1023 794 injecit,
1053 743 1099 778 et
1121 733 1348 781 damnum
1372 738 1535 802 ingens

132 809 347 858 hostibus
368 809 460 854 suis
487 807 666 853 intulit.
690 809 902 871 Burgum
926 825 1117 871 quoque
1136 809 1406 858 Uticensem
1433 816 1537 878 igne

133 886 412 941 combussit,
445 895 491 931 et
515 901 599 948 per
625 901 787 930 01111165
818 885 1013 948 angulos
1040 886 1245 933 ecclesiae
1271 906 1379 934 cum
1410 893 1540 938 satel-

134 961 296 1008 litibus
322 962 415 1007 suis
439 961 592 1007 nudos
618 978 749 1007 enses
777 961 825 1006 in
852 960 1028 1007 dextris
1050 961 1348 1010 vibrantibus
1374 966 1541 1014 Osber-

133 1058 251 1086 num
287 1038 505 1085 abbatem
539 1038 597 1084 ad
630 1038 914 1084 occisionem
950 1038 1031 1084 diu
1064 1042 1298 1104 quaesivit.
1339 1044 1429 1090 Sed
1464 1046 1541 1092 ille

135 1118 223 1164 Dei
252 1127 375 1162 nutu
397 1115 565 1163 defuit.
599 1118 711 1162 Post
736 1116 919 1180 aliquot
943 1127 1096 1164 autem
1121 1118 1218 1166 dies
1244 1121 1543 1171 Hermannus

137 1195 414 1242 Cellararius
438 1193 700 1240 Ernaldum
721 1194 944 1255 privatim
962 1193 1106 1252 adiit,
1141 1196 1389 1262 ipsumque
1413 1201 1543 1265 quod

138 1271 396 1327 abbatiam,
417 1286 558 1333 quam
576 1279 709 1332 pater
728 1286 835 1314 suus
856 1287 944 1332 pro
963 1271 1108 1316 salute
1132 1273 1302 1319 animae
1319 1292 1414 1321 suae
1436 1293 1547 1323 con-2

139 1357 399 1404 struxerat,
430 1345 669 1394 destruere
693 1346 946 1403 niteretur,
983 1346 1256 1412 benigniter
1285 1350 1544 1417 redarguit.

141 1426 205 1471 At
229 1425 305 1471 ille
330 1424 512 1470 monita
542 1424 661 1470 servi
693 1423 777 1469 Dei
803 1424 879 1486 pie
906 1426 1134 1488 suscepit,
1165 1444 1443 1493 memorque
1473 1449 1550 1494 pa-

143 1514 291 1551 ternae
308 1502 494 1565 pietatis
510 1517 599 1564 pro
621 1499 876 1546 malefactis
901 1511 1066 1546 contra
1090 1502 1370 1550 coenobium
1389 1506 1549 1552 Sancti

145 1579 332 1628 Ebrulfi
358 1578 590 1643 ploravit,
623 1577 960 1641 poenitensque
986 1595 1245 1643 congruam
1269 1582 1556 1631 emendatio-

148 1676 258 1705 nem
289 1656 525 1720 promisit.
567 1654 676 1701 Non
710 1654 863 1700 multo
903 1666 1012 1718 post
1046 1656 1240 1703 Uticum
1274 1660 1428 1717 venit,
1467 1679 1557 1724 pro

150 1735 268 1782 male
287 1734 425 1799 gestis
450 1750 589 1796 super
608 1749 735 1778 aram
758 1731 1084 1778 vadimonium
1105 1735 1286 1797 posuit,
1315 1736 1561 1801 indulgen—

150 1815 264 1860 tiam
281 1812 437 1877 petiit,
459 1809 712 1874 abbatique
731 1809 945 1856 Osberno
965 1812 1264 1858 securitatem
1283 1813 1424 1860 dedit.
1440 1816 1565 1861 Prae—

149 1891 271 1938 fatus
290 1891 417 1936 enim
435 1888 694 1935 monachus
720 1886 880 1932 subtili
900 1888 1051 1934 relatu
1070 1890 1109 1935 ei
1130 1892 1359 1938 veraciter
1377 1892 1562 1937 intima-

152 1970 222 2015 vit
254 1968 382 2032 quod
406 1966 657 2030 praedictus
680 1964 821 2011 abhas
849 1967 1033 2029 cognati
1060 1967 1128 2012 sui
1160 1967 1319 2015 locum
1351 1987 1450 2016 non
1478 1988 1563 2033 per

155 2046 461 2110 cupiditatem
476 2043 714 2099 invaserit,
737 2043 814 2088 sed
834 2043 876 2087 vi
895 2044 1124 2107 principis
1141 2055 1185 2090 et
1209 2046 1439 2092 instinctu
1456 2065 1563 2093 ma·-

156 2125 414 2189 gistrorum
438 2137 631 2167 suorum
652 2120 942 2183 compulsus,
971 2120 1189 2167 desolatae
1208 2122 1412 2169 ecclesiae
1438 2142 1488 2170 re

160 2219 271 2248 men
294 2200 470 2246 invitus
494 2197 763 2261 susceperit.

1494 2125 1565 2169 αἱ-

1491 2160 1518 2188 ⁴0

227 2277 440 2340 Denique
468 2274 736 2321 Rodbertus
764 2273 905 2319 abbas
933 2274 1180 2322 Nicolaum
1210 2294 1376 2340 papam
1401 2278 1565 2323 Romae

168 2355 374 2409 invenit,
408 2354 542 2417 eique
572 2370 753 2397 causam
786 2352 965 2398 itineris
994 2353 1061 2397 sui
1094 2352 1345 2416 diligenter
1373 2356 1566 2400 intima-

166 2432 252 2476 vit.
280 2429 343 2475 At
368 2429 444 2474 ille
467 2430 827 2492 compatriotam
850 2447 984 2473 snum
1006 2429 1144 2492 (nam
1167 2448 1336 2494 genere
1362 2431 1566 2475 Francus

169 2508 296 2570 erat)
316 2506 586 2569 benigniter
606 2507 829 2568 suscepit,
857 2507 1205 2569 querimoniam
1225 2510 1320 2570 ejus
1341 2525 1447 2552 011111
1467 2509 1567 2571 pie-

172 2700 231 2722 5115
248 2688 281 2722 16
293 2699 412 2733 pagus
430 2686 667 2720 Lexoviensis
681 2697 727 2718 ou
746 2686 892 2720 Licuvin
912 2686 961 2720 (lu
981 2686 1120 2721 dioec-so
1136 2688 1180 2722 ‹le
1197 2689 1350 2731 Lisieux,
1368 2690 1392 2724 il
1413 2692 1568 2726 confond

174 2750 218 2782 ici
240 2760 295 2782 ecs
314 2748 407 2782 deux
426 2746 752 2791 circonscriptimis.
