1951 3194
317 237 368 276 94
679 238 921 276 HISTORIA
951 237 1352 277 ECCLESIASTICA.
1587 244 1724 293 [1063]

316 328 533 384 parentes
564 335 695 376 suos,
723 319 802 383 qui
835 318 1016 382 magnis
1052 317 1226 365 ibidem
1251 319 1420 382 opibus
1455 321 1722 384 pollebant,

315 398 554 462 perrexit3
577 397 703 443 unde
730 413 830 442 non
857 395 1010 442 multo
1038 405 1145 458 post
1176 414 1284 442 cum
1317 398 1496 462 ingenti
1526 400 1725 462 pecunia

316 473 480 531 rediit,
505 473 708 536 ducique
730 472 901 535 pallam
926 472 1180 536 pretiosam
1204 473 1391 520 detulit.

381 550 485 597 VII.
501 549 613 596 Seda
622 549 677 594 tis
691 549 1035 613 aliquantulum
1051 550 1289 614 procellis,
1306 550 1480 616 quibus
1493 552 1726 600 Uticensis

317 626 506 674 ecclesia
533 625 739 690 graviter
767 624 1125 689 impulsabatur,
1159 625 1399 673 Osbernus
1428 638 1587 675 rector
1612 632 1726 693 ejus-

315 702 452 758 dem,
477 702 558 766 qui
588 701 769 766 magnis
802 718 1024 748 curarum
1054 702 1338 749 tumultibus
1366 703 1642 768 angebatur,
1680 717 1725 753 et

315 778 525 826 mordaci
555 777 841 824 conscientia
873 796 961 842 pro
994 779 1254 842 apostolico
1282 780 1601 840 anathemate,
1629 800 1726 847 quo

314 873 559 921 percussus
576 854 755 912 fuerat,
781 855 908 901 intus
927 855 1237 920 affligebatur,
1260 858 1459 905 consilio
1479 876 1727 906 consensu-

313 952 407 1000 que
425 933 648 991 fratrum,
668 933 900 980 domnum
914 935 1198 981 Mainerium
1213 936 1438 983 Cluniaco
1456 940 1696 985 revocavit
1709 975 1721 995 ‚

314 1023 361 1060 et
380 1030 487 1060 eum
504 1010 772 1068 Fulcherio,
793 1029 934 1076 quem
954 1011 1211 1059 Rotbertus
1229 1012 1371 1058 abbas
1388 1015 1598 1077 priorem
1618 1033 1726 1062 con-

314 1091 562 1146 stituerat,
597 1087 814 1152 deposito
850 1087 1139 1153 subrogavit.
1180 1090 1296 1135 Erat
1331 1090 1454 1137 idem
1487 1091 1724 1139 Osbernus

313 1167 517 1214 Herfasti
538 1165 689 1220 filius,
715 1165 772 1212 de
802 1183 922 1229 pago
950 1166 1166 1230 Calcegio
1188 1167 1260 1230 (1)
1287 1168 1541 1226 oriundus,
1571 1169 1630 1215 ab
1657 1171 1726 1217 in-

312 1245 462 1291 fantia
481 1243 654 1290 litteris
685 1242 943 1289 admodum
971 1243 1206 1299 eruditus,
1230 1260 1447 1291 sermone
1467 1245 1694 1292 facundus
1708 1282 1721 1303 ,

315 1322 509 1387 ingenio
529 1338 635 1368 acer
658 1320 716 1367 ad
739 1320 899 1367 omnia
918 1320 1114 1366 artificia
1134 1341 1144 1366 ε
1171 1321 1349 1368 scilicet
1372 1321 1641 1386 sculpendi,
1663 1323 1727 1369 fa·-

312 1399 529 1448 bricandi
544 1435 556 1457 ,
580 1398 844 1456 scribendi,
870 1409 915 1446 et
934 1399 1083 1445 multa
1104 1398 1174 1445 his
1197 1400 1363 1446 similia
1388 1401 1619 1458 iaciend13
1642 1413 1726 1448 sta-

314 1489 419 1523 tura
439 1476 714 1533 mediocris,
736 1475 959 1539 perfectae
979 1477 1152 1533 aetatis,
1175 1477 1325 1540 capite
1352 1477 1529 1523 affatim
1550 1489 1725 1526 onusto

312 1555 463 1619 nigris
489 1553 672 1599 canisve.
697 1552 892 1616 capillis.
918 1552 1067 1617 Asper
1091 1563 1191 1599 erat
1214 1555 1386 1617 ineptis
1409 1564 1454 1600 et
1483 1565 1726 1601 contuma-

315 1631 476 1689 cibus,
506 1631 774 1678 misericors
807 1630 1008 1677 infirmis
1037 1642 1082 1678 et
1112 1630 1423 1696 pauperibus,
1462 1643 1509 1679 et
1541 1650 1726 1698 compe-

315 1719 474 1756 tenter
494 1708 648 1772 largus
670 1707 865 1771 privatis
887 1718 933 1753 et
955 1709 1185 1754 extraneis
1202 1744 1215 1765 ,
1240 1709 1288 1754 in
1309 1709 1476 1756 ordine
1495 1709 1720 1767 fervidus,

315 1798 362 1834 et
390 1804 558 1833 eorum
583 1784 755 1850 quibus
783 1785 952 1832 fratres
976 1786 1287 1850 corporaliter
1311 1805 1391 1834 seu
1417 1788 1725 1851 spiritualiter

315 1863 617 1927 indigebant,
663 1873 947 1927 procurator
982 1863 1324 1910 solertissimus.
1361 1865 1560 1912 Juvenes
1591 1865 1724 1911 valde

315 1941 587 1998 coercebat,
616 1959 790 2006 eosque
819 1940 942 1988 benc
970 1941 1121 2006 legere
1148 1953 1194 1988 et
1221 1942 1415 2006 psallere
1446 1954 1586 2008 atque
1616 1945 1726 1989 scri-

314 2022 428 2069 here
447 2020 602 2068 verbis
622 2031 667 2067 et
686 2019 962 2067 verberibus
981 2020 1193 2085 cogebat.
1224 2023 1324 2085 Ipse
1348 2022 1554 2086 propriis
1578 2023 1726 2067 mani-

315 2097 404 2144 bus
422 2097 670 2161 scriptoria
689 2097 845 2159 pueris
865 2107 911 2142 et
933 2097 1134 2143 indoctis
1153 2096 1428 2155 fabricabat,
1454 2097 1724 2162 tabulasque

315 2194 419 2223 cera
459 2176 598 2221 illitas
635 2174 960 2238 praeparabat,
1008 2177 1257 2240 operisque
1296 2175 1491 2221 modum
1530 2175 1724 2239 singulis

318 2255 631 2301 constitutum
656 2251 713 2297 ab
743 2253 805 2299 cis
836 2253 1049 2316 quotidie
1083 2253 1312 2317 exigebat.
1341 2254 1416 2298 Sic
1448 2253 1541 2298 otia
1573 2252 1724 2314 depel—

319 2333 419 2379 lens
438 2331 669 2396 juvenilcs
693 2341 873 2376 mentes
903 2331 1170 2376 intentione
1194 2330 1294 2375 utili
1323 2330 1545 2392 sagaciter
1564 2346 1725 2375 onera-

318 2412 422 2468 bat,
454 2427 619 2474 easquc
656 2408 823 2455 futuro
860 2420 1072 2471 tempore
1107 2409 1314 2454 scientiae
1350 2408 1526 2454 divitiis
1559 2408 1724 2453 ditatas

318 2488 630 2553 praeparabat.
670 2488 757 2533 Hic
792 2487 1047 2533 canonicus
1084 2486 1389 2533 Luxoviensis
1424 2485 1510 2531 sub
1546 2485 1723 2531 domno

364 2731 415 2771 ξι)
435 2730 481 2762 Le
500 2742 584 2774 pays
602 2729 646 2762 ‹le
664 2732 775 2764 (lanx.
