1951 3194
578 252 729 290 LIBER
759 252 999 300 QUINTUS.
1416 257 1491 294 4535

152 333 307 381 XVII.
322 332 546 379 Radulfus
558 334 614 379 de
622 333 1046 379 Monte-Pincionis
1058 334 1077 396 (
1089 352 1100 378 1
1112 334 1148 397 )‚
1162 334 1491 398 DapiferGuil—

87 409 215 455 lelmi
251 410 406 474 Magni
444 410 564 474 regis
595 409 881 473 Anglorum‚
919 427 966 456 se
991 427 1047 456 ex
1077 419 1181 457 toto
1206 410 1409 459 fideliter
1439 413 1486 458 S.

87 486 288 534 Ebrulfo
302 488 506 541 devovit,
517 498 564 532 et
574 504 596 531 a
607 486 786 533 domno
798 486 871 531 Ma
880 487 888 530 i
897 487 1030 533 nerio
1040 487 1206 534 abbate
1218 489 1493 552 suppliciter

87 564 341 627 postulavit
366 575 419 609 ut
441 563 608 628 aliquis
631 564 679 608 in
704 563 911 609 Uticensi
933 564 1160 611 coenobio
1184 565 1405 624 clericus,
1437 568 1493 613 ad

88 640 171 686 Dei
194 641 437 686 servitium
462 639 681 696 idoneus,
713 639 769 683 ad
793 639 1128 686 monachatum
1160 643 1492 706 susciperetur,

88 717 167 782 qui
194 734 283 781 pro
302 717 447 763 salute
476 716 636 779 ipsius,
669 716 974 780 conjugisque
998 734 1092 763 suae
1120 718 1271 764 Deum
1296 718 1497 767 fideliter

87 795 434 858 deprecaretur.
459 792 598 853 Quod
617 803 663 839 et
680 791 859 838 factum
881 802 965 839 est.
988 793 1107 839 Nam
1128 795 1210 841 Dei
1233 806 1353 841 nutu
1382 808 1496 843 tunc

88 872 276 936 petebat
300 870 635 918 monachatum
666 870 860 934 quidam
890 871 1132 917 Remensis
1167 872 1497 933 scholasticus,

89 950 284 998 nomine
297 948 552 1006 Johannes,
571 948 651 1013 qui
666 947 722 993 ad
735 947 912 994 curiam
931 950 1051 1012 regis
1066 948 1253 1008 ductus,
1268 950 1499 1014 praedicto

89 1027 230 1072 militi
251 1043 353 1072 suas
371 1026 601 1072 concessit
617 1025 874 1084 orationes,
888 1036 935 1072 et
953 1043 1072 1090 quos
1089 1043 1179 1090 pro
1196 1025 1387 1074 Christo
1405 1045 1501 1091 pas-

91 1121 225 1149 surus
239 1114 355 1159 erat,
371 1101 570 1150 labores.
588 1101 671 1148 Ille
689 1119 822 1161 vero,
835 1119 976 1166 super
994 1101 1084 1149 hoc
1099 1102 1400 1160 exhilaratus,
1415 1123 1502 1169 pa-

92 1180 185 1225 lam
206 1181 388 1225 cunctis
413 1179 552 1242 pedes
578 1181 674 1242 ejus
700 1179 945 1226 humiliter
963 1191 1030 1226 est
1052 1181 1303 1227 osculatus.
1322 1183 1502 1230 Deinde

93 1256 313 1303 monachi
340 1255 622 1319 praedictum
644 1255 909 1303 Johannem
940 1255 1145 1303 libenter
1168 1270 1500 1321 susceperunt,

94 1351 244 1398 eoque
274 1344 490 1397 suscepto
528 1333 661 1380 valde
692 1334 837 1380 laetati
875 1345 1014 1393 sunt,
1044 1337 1152 1398 quia
1187 1337 1506 1399 grammaticae

93 1413 208 1457 artis
238 1422 337 1459 erat
363 1412 566 1475 peritus,
601 1411 834 1476 bonisque
866 1412 1031 1458 studiis
1061 1430 1208 1477 usque
1239 1414 1297 1460 ad
1324 1415 1508 1461 senium

93 1490 399 1553 pertinaciter
428 1491 656 1536 intentus.
688 1489 916 1535 Praefatus
947 1489 1083 1536 heros
1117 1490 1172 1536 ad
1203 1492 1382 1537 victum
1411 1494 1508 1555 ejus

94 1566 369 1629 perenniter
388 1565 517 1612 dedit
541 1566 589 1611 S.
610 1564 816 1612 Ebrulfo
837 1566 1064 1612 decimam
1085 1568 1298 1631 quinque
1321 1568 1507 1615 molen-

94 1643 343 1690 dinorum:
369 1644 516 1688 trium
539 1643 717 1689 scilicet
740 1642 796 1689 (le
818 1644 925 1689 Jort
946 1644 1043 1705 (2),
1071 1654 1117 1689 et
1142 1646 1292 1705 quarti
1319 1644 1376 1690 de
1401 1645 1506 1691 loco

94 1720 175 1784 qui
203 1721 468 1766 Hurtavent
492 1720 635 1784 vulgo
657 1720 832 1766 dicitur
858 1721 955 1783 (5),
984 1733 1029 1767 et.
1051 1723 1209 1785 quinti
1233 1723 1290 1768 de
1313 1726 1505 1769 Monte-

95 1796 352 1853 Pincionis,
369 1795 574 1861 duasque
590 1797 754 1860 garbas
773 1799 968 1844 decimae
983 1799 1270 1845 villanorum
1285 1799 1341 1846 de
1358 1799 1504 1845 Gual—

95 1873 337 1936 dreslogiis
350 1873 442 1935 (4),
464 1873 856 1937 medietatemque
879 1874 1073 1921 decimae
1099 1876 1155 1922 de
1181 1877 1382 1939 Spanaio
1411 1878 1501 1940 (5),

93 1961 141 1996 et
163 1951 286 2014 apud
310 1950 846 1997 Ermentrudis-Villam
872 1953 945 2014 (6)
976 1952 1088 1998 duas
1112 1971 1238 1999 acras
1262 1955 1401 2017 prati.

157 2028 270 2073 Post
303 2026 484 2090 aliquot
521 2043 671 2073 annos
710 2027 833 2074 idem
869 2027 1095 2074 Radulfus
1132 2028 1233 2075 idus
1271 2030 1497 2078 februarii

91 2104 342 2159 defunctus
369 2113 465 2160 est,
508 2104 698 2168 ejusque
734 2121 905 2169 corpus
935 2105 1128 2152 Uticum
1163 2107 1369 2154 delatum
1397 2120 1494 2167 est,

94 2180 253 2244 ibique
280 2181 328 2226 in
353 2179 558 2226 claustro
580 2180 790 2227 Uticensi
813 2199 837 2227 a
860 2182 1102 2230 monachis
1129 2182 1390 2232 honorifice
1420 2204 1497 2233 se-

136 2381 186 2425 (1)
211 2378 468 2425 Montpincom
490 2378 571 2424 pres
589 2379 743 2413 Livarot.

132 2440 188 2484 (2)
211 2439 314 2480 Jort,
331 2444 435 2472 entre
453 2437 884 2473 saint-Pierre-sur-Dive
902 2447 938 2474 et
956 2440 1100 2475 Falaisc.

139 2497 189 2545 (3)
213 2498 456 2541 Heurtevent,
473 2504 577 2532 entre
595 2498 738 2532 Livarot
751 2504 788 2532 et
804 2499 1054 2546 Montpincon.

137 2559 186 2603 (4)
212 2556 461 2603 Vaudeloges,
481 2556 563 2602 pres
578 2556 783 2591 Coulibeuf.

136 2617 185 2663 (5)
211 2609 364 2664 Epanai,
383 2629 428 2650 au
445 2615 538 2650 nord
555 2615 599 2650 de
617 2615 764 2651 Falaise.

135 2677 184 2721 (6)
210 2674 491 2718 Emendmville,
511 2674 746 2720 aujourd’hui
763 2675 1001 2718 Saint-Sevei·‚
1018 2676 1197 2723 faubourg
1221 2676 1265 2713 de
1282 2677 1408 2714 Rouen
1429 2691 1490 2715 sui·

94 2736 122 2769 la
144 2737 217 2769 rive
237 2734 377 2780 gauche
395 2733 439 2768 de
457 2733 489 2768 la
508 2733 626 2769 Seinc.
