1951 3194
373 260 389 293 1
400 255 423 294 4
736 255 979 294 HISTORIA
1009 254 1410 294 ECCLESIASTICA.
1507 257 1777 309 [1034-1060]

370 333 456 382 Dei
491 334 708 382 Ecclesiae
731 333 988 398 praefatum
1017 333 1174 378 virum
1196 350 1286 397 pro
1314 333 1566 382 nobilitate
1594 345 1642 383 et
1667 336 1779 383 reli-

368 413 511 476 gione
541 412 810 476 elegerunt,
846 427 1071 474 novoque
1101 411 1390 460 monasterio
1422 413 1552 477 quod
1578 413 1779 461 inchoa-

368 501 502 538 verat
523 489 859 554 praefecerunt.
886 489 1026 552 Cujus
1052 489 1294 553 regiminis
1318 499 1531 554 tempore
1553 492 1780 538 Lanfran-

371 585 451 614 cus
484 577 530 613 et
559 566 834 623 AnselmuS‚
870 565 1042 631 aliique
1072 565 1299 630 profundi
1331 566 1553 630 sophistae
1581 569 1694 615 illuc
1723 568 1780 615 ad

368 645 548 692 scholas
567 643 742 689 Christi
767 655 1080 708 perrexerunt
1094 663 1106 701 ;
1131 643 1291 710 ibique
1315 645 1596 692 Willermus
1617 647 1778 694 Geroii

369 722 517 779 filius,
548 732 596 767 et
628 721 768 786 Hugo
791 738 947 768 comes
974 721 1188 769 Mellenti
1203 758 1216 780 ,
1244 722 1417 787 aliique
1443 722 1660 787 praeclari
1681 725 1779 769 mi-

368 800 474 847 lites
505 799 729 846 militiam
756 798 932 846 Christi
963 810 1331 865 assumpserunt.
1364 800 1435 847 Ibi
1466 819 1612 866 usque
1641 801 1782 850 hodie

367 877 508 924 multi
533 877 818 925 clericorum
845 888 892 924 et
921 878 1152 925 laicorum
1179 878 1267 924 sub
1295 878 1552 926 monachili
1581 891 1783 927 scemate

367 960 535 1002 vivunt
551 991 564 1013 ‚
586 965 633 1002 et
652 966 818 1003 contra
834 955 1051 1002 Zabulun
1068 956 1345 1003 dimicantes
1361 959 1460 1003 Deo
1485 956 1783 1005 laudabiliter

368 1033 583 1081 serviunt
607 1033 699 1096 (1).
723 1032 956 1079 Unfridus
988 1033 1045 1081 de
1077 1033 1261 1081 Vetulis
1295 1033 1495 1081 Turoldi
1531 1033 1655 1080 filius
1685 1034 1781 1083 duo

368 1110 616 1168 coenobia,
650 1129 804 1157 unum
834 1111 1183 1159 monachorum
1220 1122 1267 1159 et
1292 1112 1418 1158 aliud
1445 1112 1783 1159 sanctimonia-

367 1189 488 1235 lium
503 1188 719 1235 Pratellis
740 1188 982 1236 inchoavit
995 1225 1007 1245 ,
1028 1206 1136 1253 quae
1156 1189 1386 1253 Rogerius
1405 1189 1461 1236 de
1480 1189 1782 1238 Bellomonte

367 1266 495 1312 filius
523 1267 619 1329 ejus
647 1266 857 1311 multum
887 1267 1087 1322 amavit,
1125 1275 1172 1312 et
1202 1265 1260 1312 de
1282 1264 1544 1312 redditibus
1573 1267 1781 1330 propriis

367 1353 609 1406 gratanter
632 1342 800 1388 ditavit
826 1343 918 1406 (2).
947 1342 1228 1389 VVillermus
1241 1378 1255 1399 ‚
1282 1341 1482 1389 Osberni
1509 1342 1659 1400 filius,
1684 1342 1782 1390 duo

368 1421 654 1467 monasteria
687 1420 736 1465 in
768 1420 970 1484 proprio
1000 1419 1152 1467 fundo
1185 1419 1422 1477 condidit,
1450 1438 1601 1466 unum
1625 1421 1776 1476 Lirae,

369 1509 416 1544 et
438 1497 567 1544 aliud
589 1498 863 1554 Cormeliis‚
891 1497 972 1543 ubi
997 1499 1093 1561 ipse
1115 1497 1333 1544 humatus
1355 1499 1553 1564 quiescit
1577 1499 1664 1562 (3).
1686 1499 1780 1545 Alii

369 1574 511 1620 etiam
539 1574 936 1620 Normannorum
971 1592 1190 1637 proceres
1225 1575 1591 1639 quamplurimi,
1637 1587 1782 1638 prout

371 1660 623 1714 poterant,
664 1650 1012 1698 monachorum
1041 1669 1122 1698 seu
1156 1651 1495 1699 monacharum
1529 1652 1698 1699 domus
1732 1654 1779 1699 in

371 1726 564 1774 diversis
584 1727 699 1773 locis
722 1726 1081 1774 construebant.
1104 1729 1285 1775 Horum
1316 1728 1539 1792 exemplis
1561 1730 1698 1793 Hugo
1723 1729 1780 1776 de

418 1858 467 1903 (1)
488 1856 551 1892 On
581 1857 675 1891 croit
697 1856 822 1891 devoir
841 1864 1034 1904 rapporter
1051 1857 1084 1892 la
1108 1857 1297 1893 fondation
1316 1858 1366 1893 du
1386 1860 1454 1893 Bec
1475 1872 1539 1906 par
1553 1859 1586 1893 le
1602 1859 1779 1895 bienheu-

371 1930 461 1952 reux
490 1917 663 1952 Hellouin
695 1919 713 1951 a
741 1918 882 1951 l’annee
918 1916 1016 1960 1054.
1037 1918 1099 1953 On
1119 1918 1187 1952 sait
1212 1931 1283 1966 que
1309 1931 1348 1953 cc
1375 1921 1600 1962 monastere‚
1630 1921 1781 1956 d⁷abord

369 1976 480 2012 etabli
496 1976 586 2010 dans
604 1989 656 2011 un
675 1976 748 2011 lieu
765 1979 913 2012 nomme
929 1977 1133 2012 Burneville
1145 1978 1399 2023 (aujou1‘d''hui
1418 1979 1780 2016 Bonneville·sur-le-

372 2036 440 2070 Bec
453 2038 464 2081 )
477 2063 486 2078 ‚
518 2047 563 2070 ne
594 2036 651 2070 sut
678 2036 856 2070 transfere
875 2049 920 2070 au
938 2036 1008 2071 Bec
1025 2037 1134 2083 qu'en
1159 2035 1256 2084 1039.
1287 2037 1319 2071 Il
1337 2037 1428 2072 n‘est
1446 2050 1508 2085 pas
1526 2039 1783 2085 parfaitement

371 2102 475 2130 exact
503 2095 548 2129 de
578 2097 767 2141 presenter
790 2107 830 2129 ce
854 2095 1002 2130 dernier
1030 2095 1295 2142 emplacement
1326 2108 1467 2132 comme
1485 2099 1584 2132 etant
1608 2097 1642 2133 le
1668 2101 1781 2145 patri-

372 2154 494 2188 moine
513 2153 745 2195 d'Hellouin;
769 2153 794 2187 il
812 2153 868 2187 fut
896 2153 1017 2201 oblige
1037 2168 1083 2188 au
1101 2156 1282 2189 contraire
1301 2155 1386 2190 d’en
1400 2157 1568 2203 acquerir
1582 2169 1654 2191 une
1666 2159 1781 2203 partie

372 2225 438 2260 par
465 2213 641 2248 donation
669 2226 717 2248 ou
737 2226 802 2260 par
820 2221 938 2248 vente.
961 2214 1098 2249 L⁷ecole
1117 2216 1144 2249 si
1170 2216 1311 2250 celebre
1329 2216 1379 2250 du
1398 2217 1466 2251 Bec
1484 2217 1540 2251 fut
1555 2224 1702 2252 ouverte
1716 2231 1782 2265 par

373 2271 550 2306 Lansranc
570 2283 616 2305 en
645 2270 744 2313 1046.
772 2271 875 2306 Nous
902 2279 1158 2308 retrouverons
1177 2274 1381 2309 ci-dessous
1399 2274 1610 2310 Guillaume
1637 2275 1778 2311 Giroie.

373 2334 543 2380 Hugues‚
576 2339 695 2366 comte
724 2332 768 2367 de
799 2333 964 2374 Meulan,
985 2335 1073 2369 etait
1091 2334 1123 2368 le
1141 2334 1274 2369 second
1293 2335 1347 2369 fils
1370 2343 1406 2369 et
1422 2347 1630 2370 successeur
1645 2336 1690 2370 de
1708 2336 1783 2370 Ro-

373 2392 455 2427 bert
472 2391 517 2426 de
536 2391 716 2426 Montfort
734 2392 745 2436 (
755 2391 957 2437 l’Amauri)
974 2400 1010 2426 et
1028 2392 1179 2428 d'Adcle
1197 2393 1242 2427 de
1261 2394 1392 2429 Vexin.

419 2452 470 2496 (2)
484 2450 617 2486 Onsroi
637 2450 681 2484 de
697 2450 850 2486 Vieilles
868 2452 1001 2497 (petite
1021 2464 1214 2486 commune
1232 2452 1466 2499 aujourd’hui
1487 2455 1614 2488 reunie
1631 2456 1651 2488 a
1667 2454 1782 2488 Bean-

375 2510 692 2557 mont-le-Roger)
711 2510 841 2554 fonda,
864 2519 968 2546 avant
993 2512 1025 2547 le
1039 2512 1169 2559 depart
1192 2513 1236 2548 de
1254 2514 1395 2548 Robert
1417 2515 1459 2548 1⁶¹
1477 2526 1570 2560 pour
1593 2514 1628 2548 la
1647 2515 1781 2549 Terre-

373 2569 497 2605 Sainte
523 2582 569 2604 en
594 2567 680 2604 1055
694 2597 703 2613 ,
735 2569 767 2603 le
787 2572 991 2605 monastero
1010 2570 1212 2606 &hommes
1239 2572 1284 2607 (le
1304 2572 1779 2607 saint-Pierre-de-Preaux

375 2631 457 2675 pres
468 2629 779 2672 pont-Audemer,
792 2637 828 2665 et
841 2643 911 2677 peu
929 2630 973 2665 de
989 2638 1106 2678 temps
1123 2634 1226 2678 apres
1245 2632 1278 2666 le
1295 2633 1498 2666 monastere
1510 2631 1555 2665 dc
1569 2632 1718 2666 somnies
1734 2631 1778 2665 de

372 2688 610 2735 Saint-Leger
629 2689 680 2723 du
700 2690 818 2725 meme
837 2690 923 2724 lieu.

420 2747 468 2793 (3)
486 2748 697 2783 Cuillauine
722 2750 986 2785 Fitz-anmw
1004 2750 1112 2784 {ouda
1132 2750 1164 2784 1(-
1183 2754 1383 2785 monastero
1407 2751 1451 2785 dc
1469 2750 1682 2785 Cornicilles
1700 2763 1775 2784 vers
