1951 3194
542 186 695 224 LIBER
725 185 967 235 QUINTUS.
1380 188 1458 227 413

50 269 155 333 gliae
176 283 356 332 regum.
384 267 594 331 Sequens
616 285 641 312 a
663 267 811 330 priori
833 276 1050 313 matrona
1070 266 1225 330 dispar
1244 267 1459 314 moribus

51 345 224 391 extitit.
250 347 365 390 Nam
390 344 662 390 maturitate
684 352 731 389 et
755 343 984 407 religione
1007 343 1180 407 viguit,
1207 342 1459 408 virumque

50 439 186 468 suum
221 421 277 468 ad
303 438 512 468 amorem
538 419 883 467 monachorum
918 431 964 467 et
989 421 1312 468 defensionem
1341 439 1459 485 pau-

49 517 216 563 perum
246 499 518 563 frequenter
544 497 774 543 incitavit.

115 576 342 623 Praefatus
369 576 513 640 igitur
537 575 674 621 heros
692 574 829 631 mala,
854 593 961 639 quae
981 576 1262 641 plerumque
1287 577 1461 624 fecerat

50 653 374 711 Uticensibus,
417 653 648 709 recoluit,
687 652 1008 718 pristinosque
1038 665 1193 699 reatus
1224 655 1462 719 sequentis

50 734 159 779 ritae
186 732 512 779 emendatione
541 730 765 794 sagaciter
795 729 982 776 abolere
1016 731 1213 777 studuit.
1245 732 1462 779 Viriliter

50 812 176 857 enim
202 808 503 874 postmodum
523 807 781 854 monachos
802 807 1001 871 adjuvit,
1026 820 1072 854 et
1095 809 1140 854 in
1169 810 1462 857 Normannia

51 899 97 935 et
127 888 290 952 Anglia
316 886 540 951 plurimas
564 903 636 931 res
662 885 753 930 illis
780 885 1015 948 erogavit,
1045 895 1091 931 ct
1116 886 1224 932 inde
1252 885 1461 933 chartam

51 964 316 1029 hujusmodi
342 982 501 1011 coram
523 962 800 1028 proceribus
827 964 919 1008 suis
943 963 1212 1010 voluntarie
1236 965 1408 1010 sanxit.

114 1045 226 1108 Ego
243 1044 498 1108 Rogerius,
522 1044 613 1089 Dei
635 1044 800 1106 gratia
824 1041 1255 1090 Scrobesburiensis
1283 1061 1457 1102 comes,

52 1122 315 1169 coenobium
341 1122 500 1167 sancti
519 1122 680 1186 patris
715 1120 903 1185 Ebrulfi
932 1121 1166 1167 honorare
1190 1132 1389 1187 appeto,
1419 1134 1464 1168 et

52 1201 155 1248 hoec
177 1200 331 1246 eidem
345 1199 404 1245 de
423 1198 560 1245 rebus
576 1202 690 1245 meis
692 1236 708 1256 ,
722 1216 818 1264 pro
842 1198 998 1245 salute
1013 1216 1118 1244 mea
1137 1216 1458 1264 meorumque,

43 1280 315 1343 perenniter
336 1275 560 1323 concedo.
583 1278 679 1322 Per
694 1276 907 1340 singulos
931 1294 1085 1322 annos
1108 1279 1312 1322 intrante
1332 1277 1463 1341 Qua-

53 1355 331 1419 dragesima
367 1370 463 1399 xxx
497 1354 680 1400 solidos
725 1354 1130 1400 Cenomannensis
1166 1366 1368 1401 monetce
1404 1355 1466 1401 de

53 1431 318 1478 redditione
345 1431 625 1478 Alencionis
639 1431 789 1496 jubeo
811 1431 924 1478 dari
930 1470 946 1490 ‚
970 1431 1042 1478 ad
1067 1431 1462 1479 illuminationem

54 1508 133 1554 die
169 1520 403 1573 noctuque
429 1507 723 1572 faciendam
766 1510 815 1554 in
859 1508 1063 1555 ecclesia
1109 1509 1322 1556 Uticensi
1355 1522 1467 1556 ante

59 1587 355 1650 Crucifixum
398 1587 598 1633 Domini
640 1587 659 1649 (
672 1587 730 1649 i).
780 1587 1078 1651 Passagium
1121 1590 1268 1634 etiam
1312 1590 1464 1653 ipsius

52 1665 334 1711 -.sllencionis
360 1675 403 1709 et
428 1681 587 1710 omnes
619 1664 982 1711 consuetudines
1010 1665 1058 1710 in
1085 1674 1184 1711 tota
1212 1676 1337 1711 terra
1358 1683 1466 1712 mea

54 1740 114 1786 de
131 1743 344 1806 propriis
369 1742 526 1786 sancti
554 1740 689 1786 rebus
716 1739 928 1787 concedo
944 1763 964 1795 ,·
989 1750 1034 1785 et
1063 1741 1112 1785 in
1138 1741 1357 1788 omnibus
1379 1760 1467 1788 ne-

54 1819 263 1864 moribus
291 1820 407 1864 meis
434 1820 733 1884 pasnagium
765 1818 826 1863 de
855 1818 1197 1864 monachorum
1213 1821 1382 1885 porcis
1417 1821 1463 1866 in

48 1906 334 1959 perpetuum
368 1895 614 1957 indulgeo.
653 1893 738 1940 Ad
767 1892 1088 1956 Excalfoium
1120 1905 1294 1941 terram
1325 1899 1465 1943 unius

56 1975 210 2018 aratri
244 1973 393 2030 dono,
439 1972 774 2036 decimamque
812 1972 1104 2030 molendini,
1145 1984 1189 2019 et
1229 1973 1468 2021 decimam

56 2052 262 2096 omnium
309 2050 580 2096 reddituum
625 2050 841 2115 ejusdem
882 2052 1031 2097 castri
1073 2049 1470 2116 irrefragabiliter

57 2145 218 2174 annuo
230 2148 248 2182 ‚-
277 2127 610 2191 decimamque
632 2127 953 2173 nundinarum
976 2128 1036 2175 de
1054 2128 1285 2175 Planclzis
1310 2129 1383 2193 (2)
1406 2130 1467 2176 de

54 2216 192 2269 parte
220 2222 325 2249 mea
349 2204 547 2250 libenter
572 2204 722 2251 addo.
749 2204 1025 2252 Ecclesiam
1047 2205 1106 2251 de
1136 2206 1344 2253 Radone
1374 2208 1462 2271 (5),

109 2394 159 2439 (1)
184 2394 284 2427 Nous
300 2396 425 2440 prions
444 2394 477 2428 le
494 2394 632 2430 lecteur
651 2394 696 2429 de
714 2408 759 2429 nc
786 2407 846 2441 pas
864 2395 1007 2430 oublier
1025 2407 1064 2429 ce
1083 2407 1154 2442 que
1172 2406 1263 2430 nous
1287 2407 1395 2430 avons
1414 2395 1468 2430 dit

63 2451 258 2495 ‹vi-(lessus,
290 2453 381 2498 l.1v‚
412 2467 447 2501 p.
473 2453 557 2502 169,
590 2467 651 2489 sur
678 2454 965 2500 l’emplacement
991 2455 1220 2502 qu’occupait
1243 2455 1408 2500 toujours
1429 2469 1470 2490 ce

63 2511 211 2545 crucissx
231 2510 319 2545 dans
335 2511 386 2546 les
403 2512 594 2548 anciennes
613 2513 740 2559 eglises
759 2514 881 2557 (entre
900 2514 932 2548 le
951 2514 1078 2549 choeur
1096 2521 1130 2548 et
1158 2513 1189 2547 la
1217 2514 1352 2549 croisee
1371 2514 1416 2548 de
1436 2514 1468 2548 la

66 2570 159 2615 nef).

111 2631 160 2674 (2)
185 2630 581 2665 Planchez-sur-Risle.

113 2686 161 2734 (3)
186 2688 327 2723 Radon.
