1951 3194
140 259 277 307 [1070]
621 256 773 293 LIBER
803 255 1056 303 QUARTUS.
1476 259 1550 295 199

141 337 260 399 regia
297 336 338 380 xi
379 336 684 398 compescuit.
716 336 853 379 Tunc
881 335 1054 380 Cestrae
1080 333 1399 379 munitionem
1432 350 1553 380 con-

138 413 258 459 didit
276 449 286 467 ,
317 424 363 459 et
389 414 435 458 in
460 413 730 459 reversione
753 429 830 457 sua
855 412 977 475 apud
1007 410 1219 458 Estafort
1254 410 1451 457 alteram
1478 411 1553 457 lo—

140 492 286 547 cavit,
328 491 500 537 milites
530 501 577 537 et
611 490 854 536 alimonias
890 488 1075 536 abunde
1105 487 1363 553 utrobique
1395 490 1554 553 impo-

140 569 244 614 suit.
262 569 544 614 Perveniens
563 567 670 613 inde
689 566 1002 612 Salesburiam
1019 567 1210 629 praemia
1233 565 1463 612 militibus
1488 565 1551 612 ibi

139 662 227 709 pro
247 656 374 691 tanta
396 644 644 691 tolerantia
667 642 921 706 largissime
940 642 1202 698 distribuit,
1223 642 1342 688 bene
1357 642 1555 689 meritos

141 721 450 777 collaudavit,
479 732 525 767 et
555 738 661 766 cum
691 720 837 782 gratia
869 719 1016 764 multa
1047 720 1242 765 dimisit.
1280 721 1555 766 Desertores

139 811 297 846 autem
320 797 375 844 ad
405 798 501 844 dies
527 814 583 843 XL
610 797 732 842 ultra
762 796 1016 842 discessum
1049 796 1437 842 commilitonum
1471 813 1557 860 per

142 877 514 941 indignationem
543 875 771 930 retinuit,
800 892 944 938 eaque
970 890 1112 937 poena
1137 873 1389 928 delictum,
1424 873 1555 937 quod

138 958 265 1018 pejus
288 955 484 1010 meruit,
514 953 772 1016 castigavit.

204 1034 281 1078 Vl.
305 1033 415 1078 Post
436 1031 536 1079 haec
555 1031 840 1078 Guillelmus
860 1048 942 1077 rex
967 1031 1266 1095 Dominicam
1291 1032 1554 1078 Resurrec—

138 1111 316 1156 tionem
339 1110 387 1155 in
414 1108 531 1155 urbe
555 1110 742 1156 Guenta
764 1108 1042 1162 celebravit,
1065 1108 1148 1154 ubi
1169 1108 1427 1155 cardinales
1454 1110 1556 1156 Ro-

136 1206 287 1235 manae
316 1188 522 1235 ecclesiae
556 1205 782 1236 coronam
814 1190 853 1233 ei
891 1187 1169 1234 solemniter
1201 1188 1552 1251 imposuerunt.

136 1267 255 1313 Nam
283 1285 337 1313 ex
364 1267 595 1331 petitione
623 1267 767 1330 ipsius
794 1265 1058 1313 Alexander
1088 1283 1203 1329 papa
1237 1275 1330 1311 tres
1359 1265 1554 1312 idoneos

136 1345 173 1391 ci
204 1355 254 1390 ut
281 1345 520 1390 carissimo
542 1343 640 1390 filio
661 1344 895 1406 legaverat
915 1342 1113 1388 vicarios
1142 1362 1151 1387 :
1181 1341 1556 1389 Ermenfredum

136 1422 414 1485 pontificem
462 1422 789 1478 Sedunorum,
845 1431 890 1467 et
936 1420 1053 1467 duos
1096 1420 1350 1467 canonicos
1399 1419 1555 1466 cardi-

137 1500 263 1547 nales
284 1500 376 1563 (1).
403 1499 532 1559 Quos
555 1498 678 1563 apud
703 1515 750 1545 se
776 1515 938 1544 annuo
962 1496 1113 1544 ferme
1141 1499 1292 1561 spatio
1318 1498 1520 1544 retinuit
1539 1535 1552 1556 ‚

135 1577 328 1624 audiens
376 1588 423 1623 et
468 1576 709 1623 honorans
746 1593 823 1623 eos
860 1586 1085 1640 tanquam
1124 1575 1313 1638 angelos
1350 1575 1456 1621 Dei.
1500 1577 1554 1622 In

137 1654 330 1701 diversis
355 1653 493 1711 locis,
521 1655 569 1700 in
595 1654 813 1717 plurimis
838 1652 1039 1717 negotiis
1064 1653 1128 1698 sic
1153 1670 1314 1717 egere,
1340 1653 1463 1698 sicut
1488 1654 1558 1699 in-

137 1732 263 1797 digas
284 1733 526 1779 canonicae
549 1732 911 1779 examinationis
929 1741 975 1778 et
1001 1731 1317 1778 ordinationis
1339 1731 1556 1795 regiones

140 1811 240 1857 illas
257 1811 499 1858 dinovere.
526 1811 732 1856 Maxima
758 1828 871 1857 vero
890 1828 942 1856 ac
961 1809 1163 1856 utillima
1187 1810 1397 1874 synodus
1417 1810 1558 1856 Win-

140 1890 343 1935 dresoris
379 1890 451 1952 (2)
483 1888 710 1935 celebrata
746 1899 815 1934 est
847 1905 974 1935 anno
1007 1898 1060 1933 ΜΟ
1093 1895 1207 1933 Lxx⁰
1240 1887 1299 1933 ab
1332 1889 1556 1933 Incarna—

143 1967 273 2012 tione
298 1967 507 2012 Domini.
537 1967 635 2012 Rex
659 1976 705 2012 et
729 1964 984 2011 cardinales
1014 1964 1166 2011 eidem
1190 1965 1396 2011 concilio
1430 1983 1557 2028 prae-

143 2043 365 2090 sederunt
384 2079 397 2099 ,
442 2054 487 2088 et
538 2043 634 2088 illic
685 2040 964 2106 Stigandum
1015 2040 1198 2105 pridem
1245 2041 1556 2105 reprobatum

143 2120 437 2167 anathemate
459 2119 799 2183 deposuerunt.
828 2118 1051 2181 Perjuriis
1070 2119 1197 2164 enim
1223 2128 1269 2164 et
1288 2118 1556 2165 homicidiis

146 2199 419 2262 inquinatus
443 2208 565 2254 erat,
594 2215 680 2244 nec
710 2215 795 2260 per
827 2198 1004 2244 ostium
1037 2197 1084 2242 in
1116 2196 1557 2260 archipraesulatum

148 2277 412 2323 introierat.
443 2276 562 2322 Nam
587 2294 611 2322 a
647 2274 834 2322 duobus
861 2275 1109 2339 episcopiis
1138 2295 1147 2321 :
1185 2275 1482 2321 Norsulcano
1513 2285 1559 2321 et

147 2352 399 2400 Guentano
426 2352 625 2399 nefanda
651 2353 925 2418 gradatione
949 2351 1223 2399 ambitionis
1248 2362 1294 2398 et
1329 2352 1560 2415 supplan-

150 2430 340 2476 tationis
364 2429 647 2476 ascenderat.
677 2430 965 2495 Sulli·aganei
986 2446 1176 2494 quoque
1195 2428 1377 2492 aliquot
1393 2427 1558 2492 dejecti

193 2586 242 2630 (1)
270 2583 496 2625 Ermenfri(l‚
529 2584 663 2630 eveque
688 2585 733 2618 de
760 2585 867 2625 Sion,
890 2591 926 2618 et
951 2584 1001 2618 les
1027 2583 1223 2618 cardinaux
1247 2584 1372 2618 Pierre
1394 2591 1431 2618 et
1454 2585 1557 2619 Jcan.

148 2646 296 2681 Guenta
315 2651 369 2679 est
389 2644 636 2678 winchester.

197 2708 246 2751 (2)
272 2704 464 2739 Windsor.
491 2705 537 2738 Le
562 2703 698 2738 concile
723 2704 822 2738 n'cut
848 2716 906 2749 pas
933 2703 1006 2737 lieu
1023 2702 1111 2737 dans
1129 2709 1222 2738 cette
1239 2702 1447 2747 residence,
1470 2706 1558 2739 mais

154 2768 170 2800 ἐι
191 2766 436 2807 Nx'inchesier‚
460 2763 769 2798 inuncdiatcment
790 2764 891 2809 apres
911 2762 1061 2809 I'aqucs.
