1951 3194
131 246 250 292 [cmm
275 242 391 290 1063]
617 239 770 279 LIBER
801 240 1035 280 TERTIUS.
1465 245 1538 281 107*

128 318 275 367 bitate
296 317 537 384 pollebat,
562 320 751 366 occidit.
778 320 889 368 Non
911 320 1064 368 multo
1082 330 1216 385 post,
1242 319 1356 366 dum
1381 320 1539 385 primo

129 407 304 445 conatu
343 415 390 444 se
430 396 636 444 delusam
680 415 773 444 esse
821 398 1078 462 ingemuit,
1129 398 1185 444 ad
1229 397 1539 462 concupitum

127 476 309 522 facinus
332 474 702 539 perpetrandum
726 475 819 522 alio
845 475 952 521 nisu
974 493 1072 522 non
1103 476 1260 521 minus
1290 475 1421 521 ferali
1452 474 1541 522 de-

127 569 227 599 nuo
260 553 534 599 insurrexit.
559 553 676 599 Nam
707 553 963 615 Rogerium
986 553 1190 600 militem
1217 563 1541 617 cognomento

128 629 373 676 Gulafram
393 629 493 693 (Ι),
515 629 595 693 qui
621 628 816 675 Ernaldi
839 627 1156 675 cubicularius
1174 641 1274 676 erat
1288 667 1298 687 ‚
1320 629 1542 694 precibus

128 717 176 754 et
190 707 432 771 promissis
447 707 777 763 circumvenit,
793 706 982 771 citoque
1003 705 1355 753 fraudulentum
1375 708 1544 754 satelli-

129 795 226 831 tem
242 784 432 831 nefariis
447 784 567 830 votis
586 783 847 829 inclinavit.
869 783 1048 830 Deinde
1065 783 1306 847 pestiferas
1322 786 1543 849 potiones

129 862 228 908 haec
261 862 573 926 pl‘aeparavit3
614 861 692 907 ille
720 872 877 908 autem
907 861 1120 908 Ernaldo
1150 862 1349 909 domino
1381 880 1465 909 suo
1498 874 1545 908 et

128 939 305 988 Geroio
349 940 405 986 de
445 938 727 985 Corbaevilla
761 940 831 1002 (2)
877 949 1018 1003 atque
1055 939 1314 986 VVillermo
1356 957 1543 1004 cogno-

128 1027 292 1064 mento
312 1016 452 1063 Goiet
470 1016 526 1063 de
548 1016 921 1063 Monte-Miralio
943 1017 1015 1081 (5)
1037 1018 1329 1081 propinavit.
1353 1017 1429 1063 Sic
1451 1035 1543 1063 una

129 1094 236 1141 tabe
274 1105 365 1141 tres
410 1110 627 1157 proceres
665 1093 789 1158 apud
829 1092 1161 1142 Corbaevillam
1199 1095 1338 1141 simul
1381 1094 1544 1141 infecti

129 1183 256 1218 sunt.
295 1172 385 1218 Sed
409 1171 611 1218 Geroius
640 1182 781 1236 atque
801 1172 1107 1228 willel-mm,
1132 1174 1213 1237 qui
1245 1173 1302 1218 ad
1328 1173 1545 1237 proprias

129 1247 296 1295 domus
323 1248 461 1295 delati
486 1259 624 1305 sunt,
651 1247 812 1312 ibique
835 1249 903 1294 sui
939 1266 1098 1295 curam
1119 1249 1175 1295 ad
1196 1248 1386 1296 libitum
1406 1267 1544 1295 suum

130 1341 346 1372 exercere
375 1334 668 1389 potuerunt,
702 1326 803 1372 Deo
840 1326 1060 1372 effectum
1093 1326 1310 1372 remediis
1339 1326 1547 1373 medico-

129 1420 238 1449 rum
273 1413 551 1468 praestante‚
585 1403 947 1450 convaluerunt.
985 1405 1137 1451 Porro
1167 1404 1429 1462 Ernaldus,
1462 1406 1543 1469 qui

131 1479 370 1537 exulabat,
397 1498 484 1527 nec
509 1481 577 1526 sui
604 1498 766 1527 curam
792 1481 838 1527 in
870 1482 1103 1528 extraneis
1138 1481 1389 1544 penatibus
1413 1482 1545 1527 suffi-

133 1559 311 1606 cienter
327 1576 545 1606 exercere
568 1569 778 1622 poterat,
802 1559 1053 1624 aliquantis
1079 1558 1243 1606 diebus
1267 1560 1541 1624 aegrotavit,

132 1635 414 1700 tandemque
439 1635 790 1699 ingravescente
814 1635 988 1683 morbo
1015 1636 1108 1682 kal.
1131 1637 1335 1700 januarii
1361 1637 1540 1700 expira—

131 1712 216 1758 vit.
251 1713 339 1759 Hic
369 1712 520 1777 pridie
553 1731 695 1778 quam
726 1712 949 1770 obiisset,
977 1713 1091 1759 dum
1123 1714 1249 1760 solus
1285 1714 1333 1759 in
1364 1731 1544 1760 camera

132 1788 254 1835 lecto
273 1787 600 1847 decumberet,
629 1790 881 1855 quemdam
909 1790 1145 1837 seniorem
1169 1789 1545 1854 pulcherrimum

135 1867 296 1929 (quem
316 1867 363 1912 S.
382 1866 630 1913 Nicolaum
649 1868 901 1931 praesulem
917 1878 1045 1913 ratus
1059 1869 1148 1930 est)
1164 1867 1429 1923 manifeste,
1445 1883 1543 1913 non

134 1943 182 1988 in
209 1944 404 1990 somniis
422 1944 563 2002 vidit3
588 1962 612 1990 a
632 1962 730 2010 quo
749 1945 1071 2008 hujuscemodi
1096 1945 1312 1992 mandata
1332 1945 1511 1991 audivit
1533 1965 1542 1989 ε

134 2020 210 2066 De
233 2022 440 2067 sanitate
468 2024 678 2087 corporis
709 2026 774 2068 mi
788 2059 801 2080 ‚
819 2022 1000 2087 frater,
1034 2022 1268 2069 sollicitas
1297 2040 1398 2069 esse
1422 2022 1543 2079 ηοίί,

135 2100 251 2163 quia
275 2118 382 2146 cras
405 2101 507 2145 sine
530 2100 677 2147 dubio
702 2102 917 2147 morieris
929 2124 950 2157 5
980 2101 1067 2148 sed
1091 2112 1186 2148 toto
1209 2102 1317 2147 nisu
1332 2117 1547 2167 procura

136 2177 344 2241 qualiter
358 2179 526 2225 anima
548 2189 631 2226 ίιια
647 2180 855 2226 salvetur
877 2187 925 2227 z'n
944 2184 1170 2227 examine
1180 2182 1308 2245 justi
1324 2191 1367 2226 et
1386 2181 1548 2225 (eterni

180 2379 230 2424 (1)
255 2378 325 2412 Sur
343 2390 382 2412 ce
399 2391 624 2426 personnage
643 2392 748 2426 voyez
767 2380 965 2423 ci-dessus‚
985 2394 1020 2427 p.
1039 2382 1096 2428 87.

180 2439 230 2483 (2)
255 2437 456 2481 Com-ville,
473 2440 555 2484 pres
572 2440 757 2475 Chartres.

182 2495 232 2540 (5)
258 2496 470 2531 Guillaume
483 2497 606 2532 Gouet
618 2525 626 2541 ‚
649 2498 839 2532 deuxienie
855 2499 904 2532 du
924 2512 1009 2533 nom
1024 2527 1032 2541 ,
1052 2499 1221 2545 seigneur
1237 2498 1281 2531 de
1300 2497 1523 2530 Nlontmirail
1540 2512 1547 2535 2

139 2567 202 2588 son
221 2556 319 2600 pere,
342 2554 549 2588 Guillaume
562 2556 686 2590 Gouet
701 2569 749 2590 ou
766 2557 887 2602 Goyct
900 2584 908 2597 ,
924 2558 1094 2603 seigneur
1108 2556 1153 2590 de
1168 2556 1256 2589 trois
1274 2554 1335 2588 des
1355 2554 1548 2589 baronn'ws

138 2615 364 2648 constituant
377 2614 409 2648 la
428 2615 575 2660 portion
594 2615 643 2648 dn
661 2616 799 2650 Perchc
814 2618 831 2649 ἐι
850 2615 1003 2662 laquelle
1024 2616 1047 2649 il
1062 2629 1079 2649 a
1095 2615 1196 2648 laissa·
1215 2626 1278 2648 son
1296 2626 1394 2657 nom7
1413 2615 1528 2648 savoir

142 2673 384 2716 Monttnirail,
410 2675 529 2707 Ankon
543 2680 580 2707 et,
598 2673 630 2706 la
650 2674 819 2715 Basmffio,
835 2687 857 2718 y
871 2674 963 2707 avait
984 2674 1085 2707 renni
1107 2674 1155 2707 les
1169 2673 1262 2707 deux
1278 2680 1397 2707 autres
1415 2672 1548 2718 (Allnis-

142 2739 177 2764 vt
202 2732 311 2774 Brou)
332 2745 394 2778 par
413 2744 474 2766 Son
496 2732 653 2776 mariage
673 2746 752 2765 avec
774 2732 929 2767 Mahaud
948 2760 955 2773 ‚
974 2734 1034 2779 qui
1057 2746 1099 2766 vn
1120 2733 1207 2767 &tait
1225 2733 1407 2767 liei'iliiu'c.
