1951 3194
412 298 490 335 360
777 297 1019 334 lils'sORlA
1051 296 1453 335 ECCLESIASTICA.

416 387 550 422 Dccc⁰
594 382 705 422 Lxx⁰
747 387 811 421 vi⁰
848 375 985 422 Rollo
1026 393 1135 421 cum
1173 377 1266 422 suis
1306 376 1573 423 Neustriam
1609 388 1826 442 penetra-

414 454 510 510 vit,
541 463 589 500 et
612 471 696 516 per
721 469 870 499 annos
899 469 999 499 xxx
1031 452 1233 499 Galliam
1262 452 1424 510 bellis,
1457 455 1635 518 rapinis
1668 465 1715 501 et
1747 456 1826 501 in·-

416 529 591 577 cendiis
633 529 889 577 admodum
927 530 1106 577 afflixit.
1150 530 1330 577 Contra
1366 531 1623 578 Ricardum
1657 531 1828 579 ducem

416 607 815 673 Burgundionum
862 619 910 655 et
944 608 1149 655 Ebalum
1192 609 1537 656 Pictavensium
1559 646 1573 666 ,
1620 610 1827 674 aliosque

413 686 651 751 principes
669 685 930 733 Galliarum
949 687 1193 751 pugnavit,
1219 687 1492 752 crebrisque
1511 688 1722 734 victoriis
1737 687 1827 734 ela—

414 772 508 821 tus,
527 762 676 808 multa
691 762 976 809 detrimenta
992 763 1288 810 Christicolis
1306 762 1497 809 inflixit.
1518 763 1830 828 DeniqueCa-

413 840 544 887 rolus
564 840 773 904 Simplex
793 840 916 887 filius
935 842 1162 888 Ludovici
1184 840 1536 905 Nihilfecit(1),
1558 859 1657 888 non
1673 841 1830 888 serens

415 936 634 982 guerram
652 918 887 976 Rollonis,
905 936 1068 983 pacem
1085 937 1193 966 cum
1211 937 1266 968 co
1279 919 1411 976 fecit,
1428 918 1610 965 Gislam
1628 920 1669 965 ei
1686 918 1831 965 filiam

417 1013 549 1042 suam
586 999 835 1061 conjugem
874 996 1028 1053 dedit,
1070 1008 1117 1044 et
1157 997 1426 1044 Neustriam
1467 998 1696 1044 concessit
1737 998 1828 1060 (2).

417 1074 556 1119 Tunc
581 1073 845 1120 Alexander
869 1083 914 1119 et
938 1074 1280 1120 Constantinus
1304 1091 1413 1119 cum
1434 1085 1585 1121 matre
1606 1092 1684 1120 sua
1710 1074 1830 1130 Zoe,

419 1161 465 1198 et
484 1153 726 1198 Romanus
744 1150 1051 1198 Armeniacus
1075 1151 1272 1215 Augusti
1294 1151 1711 1215 Constantinopoli
1731 1170 1835 1216 reg-

418 1247 605 1276 navere.

420 1344 473 1382 42.
607 1341 736 1375 sedem
757 1342 939 1387 pontificis
952 1342 1181 1376 Gunliardus
1196 1343 1232 1376 iu
1252 1342 1381 1377 ordine
1396 1343 1568 1389 sumpsit,

607 1401 716 1435 Utilis
735 1402 772 1435 in
786 1401 942 1448 populo,
964 1402 1125 1448 prudens
1143 1414 1290 1449 quoque
1306 1402 1516 1437 consiliator
1530 1401 1591 1448 (5).

423 1506 509 1551 Hic
533 1523 669 1552 xxmi
694 1508 856 1562 annis,
882 1518 1096 1572 tempore
1122 1508 1324 1555 Romani
1348 1508 1616 1554 Armeniaci
1642 1507 1839 1572 Augusti

422 1592 470 1628 et
493 1581 815 1639 Constantini,
840 1583 1025 1629 claruit.
1051 1584 1189 1629 Tunc
1214 1585 1262 1630 in
1286 1584 1434 1631 Gallia
1454 1583 1726 1631 Rodbertus
1744 1583 1840 1630 dux

422 1660 632 1707 diadema
675 1659 763 1706 sibi
804 1661 1052 1723 assumpsit
1073 1697 1085 1716 ,
1132 1671 1297 1707 contra
1338 1679 1480 1725 quem
1521 1661 1717 1708 Carolus
1757 1679 1839 1708 rex

425 1739 591 1786 eodem
619 1756 746 1785 anno
771 1739 1025 1802 pugnavit,
1054 1750 1101 1785 et
1126 1741 1371 1802 perjurum
1407 1739 1672 1794 interfecit3
1701 1740 1838 1804 Hugo

428 1828 584 1864 tamen
600 1853 613 1874 ,
644 1817 874 1880 perempti
893 1815 1024 1862 ducis
1043 1815 1183 1871 filius,
1204 1817 1453 1863 victoriam
1475 1817 1707 1864 obtinuit.
1731 1818 1840 1864 Non

428 1894 582 1941 multo
600 1903 708 1957 post
728 1892 987 1940 Herbertus
1008 1894 1234 1941 Parronae
1252 1911 1408 1940 comes
1422 1930 1433 1949 ‚
1458 1895 1670 1959 Hugonis
1685 1895 1842 1959 Magni

428 1972 656 2027 sororius,
680 1989 838 2035 regem
857 1970 969 2018 dolo
987 1971 1128 2035 cepit,
1153 1981 1200 2017 et
1221 1972 1268 2016 in
1292 1988 1476 2018 carcere
1502 1970 1653 2017 tribus
1675 1972 1810 2018 annis
1829 1993 1838 2017 :

427 2048 484 2094 ad
500 2059 706 2096 mortem
720 2048 897 2095 scilicet
912 2049 1050 2112 regis,
1070 2066 1179 2094 eum
1198 2049 1368 2094 tenuit.
1387 2047 1649 2095 Ludovicus
1664 2058 1837 2104 autem,

429 2126 553 2172 filius
578 2127 717 2191 regis,
749 2127 796 2171 in
822 2126 1042 2190 Angliam
1069 2143 1178 2172 cum
1202 2126 1376 2190 Edgiva
1402 2137 1553 2172 matre
1583 2144 1661 2172 sua
1694 2126 1841 2173 Edel-

429 2215 617 2251 stanum
641 2204 928 2250 avunculum
945 2221 1099 2260 suum,
1128 2204 1276 2250 filium
1298 2203 1505 2250 Eduardi
1527 2204 1743 2260 senioris,
1762 2221 1843 2251 rc-

476 2381 526 2425 (1)
552 2380 603 2413 Cc
622 2390 772 2413 surnom
791 2391 810 2413 a
833 2385 982 2413 souvcnt
1001 2380 1058 2413 etc'
1078 2379 1203 2425 inflige
1222 2381 1241 2412 a
1258 2378 1562 2426 Louis-lc-Begue
1581 2391 1646 2426 par
1663 2380 1714 2414 les
1737 2380 1845 2415 chro-

430 2439 606 2485 niqueurs
624 2438 674 2472 du
700 2451 829 2484 moyen
848 2439 926 2483 fige.
956 2439 1053 2481 Sive,
1085 2439 1140 2473 dit
1159 2439 1324 2479 Aiinoin,
1355 2438 1456 2484 quod
1479 2442 1546 2474 vix
1572 2439 1716 2475 duobus
1734 2443 1843 2475 annis

433 2510 545 2543 regno
562 2499 716 2544 potitus,
738 2497 832 2531 nihil
848 2504 995 2531 strenue
1013 2500 1147 2543 gessit;
1168 2500 1241 2532 sive
1261 2497 1362 2543 quod
1384 2499 1697 2533 sanctimonialem
1713 2512 1843 2546 quam-

431 2558 530 2601 dam,
547 2559 655 2591 sicuti
668 2569 691 2590 α
707 2557 908 2603 majoribus
924 2559 1139 2602 accepimus,
1157 2558 1252 2591 Kale
1271 2559 1490 2591 monasterio
1505 2558 1740 2601 abstractam,
1761 2572 1844 2592 esm-

432 2619 530 2663 iugio
549 2619 727 2663 capulans
746 2630 826 2653 sun,
844 2624 1050 2662 peccatum,
1071 2617 1171 2665 qnod
1188 2618 1281 2652 nihil
1296 2631 1374 2652 esse
1393 2620 1564 2659 noscitur,
1583 2620 1817 2664 perpetravit.

555 2680 621 2712 Sui·
648 2685 764 2711 tontes
785 2691 838 2711 ms·
864 2679 1077 2716 afvstiiiwns,
1106 2691 1209 2712 *crvx
1237 2690 1298 2711 ιμ’-ί·
1325 2685 1426 2712 nous
1453 2678 1502 2712 εἶτ’,
1528 2678 1614 2712 livre
1641 2685 1687 2719 W,
1716 2691 1737 2723 Γ
1784 2678 1838 2712 isi:

432 2743 464 2768 ei
493 2736 550 2769 i‘ie

480 2793 523 2818 ’Ὗ
556 2796 752 2829 (humiliant
777 2798 997 2839 (055302'5'1
