1951 3194
444 275 524 313 302
813 271 1056 309 HISTORIA
1088 270 1493 311 ECCLESIASTICA.
1586 274 1859 326 [1086-1128]

445 353 534 400 Dei
561 369 585 397 a
616 351 816 415 proprio
847 348 1063 413 genitore
1095 348 1335 396 abdicatus
1370 368 1502 408 sum,
1529 362 1577 399 et
1607 352 1665 400 de
1688 353 1859 418 Anglia

446 431 494 475 in
519 428 867 475 Normanniam
894 425 1095 473 tenellus
1119 426 1254 483 exul,
1281 437 1336 473 ut
1358 438 1540 476 aeterno
1564 430 1662 495 regi
1686 429 1863 476 milita-

443 523 573 564 rem,
599 504 859 551 destinatus
885 521 1008 550 sum.
1034 504 1215 551 Deinde
1243 521 1268 550 a
1294 505 1549 553 venerabili
1577 517 1709 572 patre
1733 508 1861 554 Mai-

443 583 579 629 nerio
593 581 667 645 (1)
683 590 942 645 susceptus,
965 580 1244 629 monachilis
1263 581 1451 628 habitus
1471 583 1630 631 trabea
1652 595 1856 650 togatuS‚

441 663 722 727 sinceroque
748 660 1095 709 monachorum
1116 663 1374 709 conventui
1400 663 1582 711 foedere
1609 665 1861 712 indissolu-

439 740 525 787 bili
551 741 770 796 sociatus‚
790 742 888 804 jam
916 757 1015 786 XLII
1047 741 1184 787 annis
1216 740 1322 787 lene
1340 743 1513 806 jugum
1536 742 1730 789 Domini
1758 760 1860 807 gra-

440 829 600 866 tanter
622 818 849 883 bajulavi,
877 828 924 865 et
943 835 1053 864 cum
1071 819 1241 865 coaevis
1262 820 1378 866 meis
1403 820 1662 867 secundum
1682 821 1859 886 regulae

440 897 794 944 institutionem
814 897 950 943 invia
971 897 1054 943 Dei
1076 914 1166 960 pro
1183 914 1317 960 posse
1336 914 1443 945 meo
1455 897 1673 946 alacriter
1692 898 1858 944 ambu—

440 977 529 1022 lavi
546 995 558 1032 ;
583 975 949 1023 ecclesiasticum
968 992 1153 1022 morem
1170 985 1217 1022 et
1239 976 1483 1023 servitium
1503 975 1707 1024 ediscere
1728 976 1858 1023 labo-

439 1056 565 1113 ravi,
582 1065 630 1102 et
646 1072 830 1118 semper
849 1053 905 1099 ad
924 1053 1103 1118 aliquid
1121 1054 1237 1101 utile
1258 1055 1503 1118 ingenium
1517 1056 1743 1120 applicavi
1765 1058 1854 1120 (2).

507 1133 554 1179 Si
571 1131 820 1195 pontifices
834 1131 1005 1186 nostri,
1018 1130 1192 1195 aliique
1204 1141 1412 1179 rectores
1426 1131 1556 1178 orbis
1570 1142 1715 1179 tantae
1731 1150 1859 1179 sanc-

438 1210 588 1256 titatis
612 1217 790 1264 essent,
816 1217 870 1253 ut
889 1224 979 1271 pro
1002 1207 1094 1253 illis
1119 1217 1166 1254 et
1186 1225 1272 1272 per
1298 1207 1402 1254 illos
1431 1209 1657 1254 miracula
1688 1209 1859 1255 divini-

439 1297 514 1332 tus
531 1285 718 1342 fierent,
738 1285 861 1331 sicut
878 1284 997 1332 olim
1014 1283 1073 1330 ab
1087 1285 1294 1349 antiquis
1311 1284 1526 1349 patribus
1544 1285 1715 1333 crebro
1738 1285 1858 1331 facta

437 1375 551 1411 sunt
567 1402 578 1424 ‚
618 1375 760 1429 atque
799 1365 997 1427 sparsim
1035 1362 1200 1409 diffusa
1241 1380 1327 1426 per
1366 1362 1548 1411 codices
1565 1401 1576 1423 ,
1624 1363 1859 1410 lectorum

439 1441 581 1489 corda
603 1442 810 1488 suaviter
834 1440 1083 1497 imbuunt,
1109 1450 1156 1486 et
1180 1440 1380 1506 gloriam
1403 1441 1620 1504 priorum
1643 1440 1858 1487 miranda

438 1521 777 1586 magistrorum
797 1520 926 1582 signa
950 1517 1266 1583 praesentibus
1284 1518 1528 1575 recolunt3
1550 1536 1744 1566 excusso
1764 1529 1860 1566 tor-

438 1615 556 1662 pore
579 1597 913 1660 memetipsum
938 1613 1206 1643 exercerem
1221 1632 1234 1652 ,
1262 1607 1309 1643 et
1329 1596 1469 1661 digna
1493 1596 1646 1644 relatu
1670 1596 1858 1644 notitiae

437 1686 741 1741 posterorum
761 1675 908 1721 avidae
931 1675 1111 1738 scripto
1137 1675 1528 1721 transmitterem.
1549 1674 1730 1722 Verum
1748 1675 1856 1739 quia

438 1772 569 1801 nunc
596 1764 664 1800 est
691 1753 766 1799 illa
793 1762 1065 1816 tempestaS,
1090 1769 1180 1816 qua
1204 1751 1471 1799 multorum
1494 1751 1758 1815 refrigescit
1781 1769 1857 1797 ca-

438 1833 552 1879 ritas
583 1843 631 1879 et
661 1830 871 1878 abundat
895 1831 1146 1896 iniquita53
1183 1831 1444 1876 sanctitatis
1474 1830 1644 1876 indicia
1678 1840 1858 1877 cessant

438 1910 690 1966 miracula,
725 1919 772 1955 et
804 1907 1188 1972 multiplicantur
1220 1907 1431 1954 facinora
1465 1925 1516 1953 ac
1555 1907 1767 1954 luctuosa
1807 1907 1857 1953 in

437 1987 620 2034 mundo
658 1986 974 2051 querimonia.
1018 1985 1424 2049 Historiographis
1460 1985 1517 2031 ad
1553 1984 1856 2032 scribendum

437 2064 632 2111 uberius
656 2063 812 2110 thema
836 2062 951 2109 dant
971 2062 1231 2126 praesulum
1258 2063 1408 2128 litigia
1438 2074 1484 2110 et
1503 2072 1696 2111 cruenta
1716 2063 1857 2127 prin-

439 2143 599 2206 cipum
641 2142 830 2206 praelia‚
870 2158 1013 2205 quam
1053 2140 1388 2206 theologorum
1423 2151 1717 2206 syntagmata
1732 2175 1745 2196 ‚
1784 2141 1855 2186 vel

438 2218 820 2284 xerophagorum
852 2218 1146 2282 parcimonia
1177 2218 1272 2265 sive
1310 2217 1537 2282 prodigia.
1572 2216 1854 2263 Antichristi

439 2309 625 2362 tempus
644 2296 1022 2362 appropinquat,
1049 2306 1158 2343 ante
1182 2297 1313 2359 cujus
1332 2295 1500 2342 faciem
1524 2296 1602 2359 (ut
1621 2295 1855 2343 Dominus

438 2375 578 2423 heato
606 2373 699 2422 Job
732 2374 970 2437 insinuat)
1006 2373 1240 2438 praecedet
1276 2383 1451 2437 egestas
1483 2373 1851 2429 miraculorum,

483 2608 533 2651 (1)
559 2605 732 2648 Mainier,
763 2604 967 2652 quatrieme
996 2604 1087 2639 abbe
1117 2604 1162 2638 dc
1194 2596 1468 2639 Saint-Evroult
1496 2602 1566 2648 (16
1590 2601 1712 2647 juillet
1746 2599 1851 2635 1066-

439 2665 459 2699 5
480 2678 576 2700 mars
600 2665 722 2713 ¹089).

485 2725 535 2769 (2)
561 2724 708 2770 D’apres
729 2736 786 2758 ces
809 2723 972 2766 chiffres,
998 2730 1102 2757 notre
1121 2730 1251 2757 auteur
1272 2723 1419 2756 ecrivait
1444 2734 1506 2755 son
1533 2719 1739 2766 cinquicme
1765 2719 1852 2754 livi-e

441 2797 483 2817 cu
508 2786 601 2818 1¹28.
