1951 3194
88 243 207 290 [cmm
238 241 354 289 1083]
563 239 715 278 LIBER
744 240 983 287 QUINTUS.
1409 241 1485 281 417

88 320 371 383 nutantique
404 320 605 384 qualiter
632 319 704 366 vel
735 337 832 384 quo
866 331 1048 365 tantum
1083 337 1199 383 opus
1232 321 1482 384 inciperet,

90 395 352 459 hujusmodi
376 395 488 441 dans
516 396 782 443 consilium.

152 474 321 531 Multi)
352 484 536 519 strenue
569 476 662 528 vir,
703 484 875 520 vestr-ce
909 475 1137 520 inha’rent
1173 475 1487 530 sublimitati,-

90 551 177 597 sed
190 551 386 597 diversis
402 550 732 597 intentionibus
745 551 876 596 vobis
890 551 1030 597 verbo
1043 552 1122 597 vel
1137 564 1248 598 actu
1258 564 1493 599 conantur

92 630 302 693 obsequi.
329 629 542 692 Quidam
562 630 685 674 enim
708 646 799 693 pro
823 628 960 674 libitu
979 647 1065 675 suo
1082 630 1194 694 plus
1216 642 1376 677 vestra
1399 631 1494 677 sibi

94 708 291 772 cupiunt
313 706 522 769 adipisci
528 742 544 762 2
575 722 719 768 quam
740 722 823 750 vos
849 705 920 750 ad
938 723 1276 767 permansuros
1298 707 1494 754 honores

93 781 439 828 nanciscendos
458 780 713 826 salubriter
728 779 982 826 cohortari.
1009 781 1110 826 Sed
1129 785 1214 845 qui
1233 783 1368 829 vobis
1393 786 1498 829 niti-

96 870 171 904 tur
190 858 422 904 veraciter
439 856 780 912 obsecundare,
800 856 937 902 debet
953 874 1057 912 vos,
1078 857 1194 922 plus
1218 876 1364 921 quam
1386 878 1496 906 ves-

95 947 168 981 tra
177 971 193 991 ,
216 951 401 998 semper
413 950 607 990 amare,
634 943 677 978 et
703 951 787 991 ea,
815 951 921 997 quae
940 934 1207 980 salubriora
1226 948 1358 993 sunt,
1385 939 1498 982 ani-

95 1029 186 1057 mce
212 1022 383 1057 vestrae
418 1010 736 1056 indesinenter
763 1017 1041 1076 propinare.
1079 1012 1154 1057 De
1184 1013 1499 1059 construendo

96 1089 407 1145 monasterio,
442 1088 612 1133 nobilis
649 1088 812 1146 heros,
849 1099 1054 1135 tractare
1087 1093 1299 1155 ccepi‘sti,·
1331 1092 1418 1137 sed
1450 1095 1499 1138 in

98 1166 218 1221 illis,
247 1167 332 1228 qui
361 1164 456 1210 sibi
482 1168 638 1228 magis
670 1165 840 1211 ardent
873 1166 987 1211 dari
1020 1184 1163 1230 quam
1194 1168 1330 1223 aliis,
1366 1186 1500 1214 com-

98 1243 289 1289 modum
313 1242 522 1288 solamen
547 1242 617 1288 ud
643 1254 738 1288 tam
771 1243 976 1289 arduum
1006 1262 1126 1309 opus
1150 1262 1243 1290 non
1267 1246 1498 1292 invenisti.

105 1321 313 1367 Videtur
324 1319 438 1365 milii
451 1320 810 1366 saluberrimum
822 1338 937 1378 esse,
954 1321 1224 1368 monachile
1235 1323 1503 1369 coenobium

102 1399 304 1460 erigere‚·
344 1408 387 1442 et
422 1396 594 1442 ibidem
630 1397 954 1444 authenticum
995 1399 1206 1445 ordinem
1241 1401 1502 1447 secundum

103 1476 443 1522 institutionem
472 1476 763 1520 sanctissimi
782 1478 939 1540 patris
967 1476 1222 1522 Benedicti
1252 1478 1507 1541 diligenter

103 1555 339 1618 imponere
350 1589 365 1609 ,
392 1552 608 1614 verisque
623 1552 918 1615 pauperibus
939 1553 1037 1597 Dei
1054 1553 1115 1598 de
1134 1556 1227 1599 tuis
1250 1555 1504 1601 abundan-

104 1631 179 1675 tiis
215 1630 391 1674 victum
428 1639 470 1673 et
509 1629 729 1673 vestitum
765 1628 1011 1693 affluenter
1043 1645 1256 1692 erogare.
1300 1631 1505 1677 Provide

102 1723 229 1752 nunc
252 1707 429 1750 intuere
452 1722 561 1769 qua’
583 1715 713 1762 sunt,
744 1722 852 1768 quae
878 1708 926 1750 in
948 1705 1247 1769 regularibus
1264 1719 1504 1754 monaste-

104 1785 188 1828 riis
211 1782 272 1828 ab
296 1781 493 1827 eruditis
521 1781 781 1827 cultoribus
794 1782 942 1844 fiunt.
978 1784 1239 1829 Innumera
1262 1784 1333 1829 ibi
1361 1784 1504 1831 bene-

86 1860 214 1920 ficia
236 1857 447 1922 quotidie
469 1869 694 1920 aguntur,
717 1869 760 1903 et
780 1869 946 1903 contra
969 1859 1218 1904 diabolum
1242 1878 1274 1905 a
1294 1872 1505 1907 castren-

105 1937 234 1983 sibus
275 1936 454 1981 Christi
492 1935 687 1981 viriliter
719 1935 995 1982 dimicatur.
1032 1936 1175 1983 Nulli
1204 1937 1403 1983 dubium
1437 1950 1504 1983 est

105 2013 233 2078 quod
235 2013 389 2078 probo
400 2011 686 2075 agonithetae
699 2012 718 2074 (
728 2031 742 2057 1
752 2014 789 2075 ),
806 2023 983 2075 quanto
994 2015 1153 2058 acrior
1151 2014 1286 2073 fueri
1289 2025 1305 2058 t
1309 2032 1499 2078 pugna,

106 2103 236 2137 tanto
257 2090 516 2155 gloriosior
535 2091 621 2134 erit
641 2090 847 2135 victoria
858 2126 874 2146 ,
898 2090 1189 2155 trophceique
1210 2093 1366 2155 major
1380 2109 1504 2137 mers

106 2187 180 2216 ces
205 2171 253 2215 in
278 2167 458 2214 coelesti
479 2168 630 2212 curia.
659 2165 780 2229 Quis
804 2163 973 2228 referre
988 2177 1144 2229 potest
1161 2167 1499 2213 monachorum

107 2247 321 2311 vigilias,
349 2246 545 2307 hymnos
569 2255 612 2290 et
627 2244 950 2309 psalmodias,
979 2246 1212 2291 orationes
1236 2256 1278 2290 et
1301 2246 1498 2292 eleemo-

107 2342 251 2387 synas
260 2361 276 2380 ,
303 2334 345 2367 et
366 2340 474 2368 cum
496 2321 813 2384 laciymarum
840 2321 1066 2368 imbribus
1086 2328 1339 2368 missarum
1360 2323 1500 2368 obla-

110 2404 253 2446 tiones
279 2399 585 2462 quotidianas
604 2397 630 2443 Ρ
659 2397 840 2443 Christi
858 2416 1084 2462 sequaces
1109 2400 1178 2444 ad
1200 2399 1285 2446 hoc
1308 2402 1499 2447 omnino

158 2606 206 2651 (1)
233 2604 329 2638 Lisez
348 2620 354 2636 ;
375 2602 615 2647 agonoilzetoe.
637 2602 687 2636 Ce
706 2609 799 2644 mot,
820 2602 883 2648 qui
903 2602 1042 2648 signifie
1055 2604 1144 2649 juge
1166 2616 1210 2638 ou
1226 2605 1413 2650 president
1433 2607 1498 2641 cles

109 2666 199 2710 jezia:
223 2665 404 2709 antiques,
435 2669 487 2696 est
509 2661 671 2708 employe
697 2662 741 2696 ici
767 2661 855 2696 dans
880 2662 911 2696 la
929 2662 1167 2708 signification
1195 2663 1239 2697 de
1258 2664 1496 2709 combattant,

114 2728 341 2758 concurrent,
363 2721 425 2767 qui
445 2733 487 2754 nc
504 2720 553 2753 lui
576 2734 591 2754 a
608 2720 734 2764 jamnis
750 2727 955 2767 appartenu.

211 2800 258 2827 11.
1258 2801 1310 2845 27
