1951 3194
636 231 788 270 LIBER
818 231 1071 278 QUARTUS.
1489 232 1567 268 225

155 312 283 377 quod
309 310 540 376 quidquid
568 311 743 357 vellent
766 309 854 356 sibi
879 310 1058 357 liceret.
1088 310 1365 374 Insipientes
1391 319 1437 355 et
1462 327 1568 354 ma—

156 389 270 453 ligni
302 406 387 434 cur
417 406 525 434 cum
555 398 652 434 tota
677 388 970 434 contritione
995 386 1148 433 cordis
1172 404 1269 434 non
1297 385 1570 450 cogitabant

155 465 283 529 quod
305 482 403 511 non
424 483 501 510 sua
522 466 717 521 virtute,
735 464 812 510 sed
836 464 919 510 Dei
939 463 1248 528 gubernantis
1269 463 1426 509 omnia
1449 474 1572 509 nutu

157 543 311 590 hostes
346 543 555 589 vicerant
575 579 589 601 ,
630 552 675 587 et
709 553 896 605 gentem
933 544 1160 604 majorem
1193 552 1239 587 et
1267 541 1493 589 ditiorem
1526 554 1572 588 et

155 620 479 686 antiquiorem
518 638 613 666 sese
652 617 934 681 subegerant
951 654 962 673 ‚
1011 620 1059 663 in
1095 637 1185 682 qua
1224 619 1384 683 plures
1424 621 1572 665 sancti

155 698 504 762 prudentesque
523 698 636 752 viri,
659 713 881 760 regesque
900 705 1118 759 potentes
1139 696 1425 753 micuerant,
1448 697 1573 742 mul-

157 777 311 841 tisque
351 776 502 822 modis
540 775 668 822 domi
704 774 988 838 militiaeque
1026 773 1254 820 nobiliter
1294 775 1574 839 viguerant?

159 854 398 900 Sententia
431 853 639 898 veritatis
661 852 839 916 jugiter
865 852 928 898 eis
961 851 1194 906 timenda,
1229 862 1275 898 et
1306 853 1437 899 cordi
1469 871 1574 898 me-

159 929 354 975 dullitus
375 928 619 975 inserenda
637 939 755 974 esset
770 926 969 974 dicentis
993 948 1001 972 :
1025 928 1219 973 Eadem
1237 946 1459 975 mensura
1480 947 1576 992 qua

158 1009 318 1066 mensi·
319 1005 514 1068 fueritis
539 1007 805 1051 remetietur
826 1005 962 1051 vobis
988 1006 1074 1067 (i).

223 1084 457 1131 Nonnulli
491 1085 631 1131 etiam
667 1084 963 1131 ecclesiastici
998 1084 1115 1139 viri,
1149 1085 1229 1148 (lui
1268 1086 1499 1149 sapientes
1532 1096 1578 1131 et

158 1163 363 1227 religiosi
389 1162 691 1218 videbantur,
718 1163 860 1226 regali
880 1163 1024 1208 curiae
1048 1180 1136 1226 pro
1156 1162 1467 1227 dignitatibus
1492 1182 1578 1209 cu-

158 1242 268 1305 pitis
294 1240 469 1288 obnixe
501 1239 882 1297 famulabantur,
912 1251 958 1287 et
981 1240 1175 1287 diversis
1205 1242 1577 1287 assentationum

158 1317 312 1364 modis
343 1335 441 1365 non
474 1318 574 1364 sine
603 1317 831 1364 dedecore
868 1317 1102 1382 religiosae
1140 1318 1381 1381 opinionis
1415 1318 1578 1365 adula-

159 1395 352 1441 bantur.
371 1395 501 1441 Sicut
513 1393 776 1450 Tironibus
795 1412 889 1441 suae
904 1413 928 1440 a
946 1395 1243 1459 principibus
1259 1395 1579 1460 erogabantur

159 1471 389 1537 stipendia
413 1473 594 1518 militiae
611 1508 623 1528 ‚
654 1474 719 1518 sic
743 1472 1027 1537 quibusdam
1053 1475 1291 1520 coronatis
1315 1492 1404 1538 pro
1427 1475 1577 1520 famu-

159 1551 254 1597 latu
293 1567 378 1597 suo
417 1550 653 1596 dabantur
690 1569 713 1596 a
755 1551 882 1597 laicis
921 1552 1215 1615 episcopatus
1259 1563 1304 1599 et
1342 1551 1544 1600 abbatiae
1564 1590 1576 1611 ‚

161 1628 460 1674 ecclesiarum
479 1629 808 1691 praepositurae
821 1664 834 1687 ,
855 1627 1260 1674 archidiaconatus
1278 1639 1325 1675 et
1343 1629 1549 1676 decaniae
1562 1667 1573 1687 ,

159 1704 356 1769 aliaeque
387 1714 640 1768 potestates
665 1716 711 1750 et
735 1704 986 1768 dignitates
1014 1705 1218 1761 ecclesiae
1237 1741 1249 1762 ,
1284 1723 1398 1770 quas
1428 1708 1578 1752 meri—

162 1792 263 1826 tum
289 1782 549 1827 sanctitatis
574 1792 620 1828 et
651 1782 894 1845 sapientiae
920 1783 1139 1829 doctrina
1165 1783 1468 1830 solummodo
1491 1784 1576 1831 de-

161 1858 331 1906 berent
346 1859 583 1906 obtinere.
603 1860 769 1905 Clerici
791 1869 836 1906 et
851 1861 1070 1906 monachi
1087 1879 1217 1907 nunc
1235 1873 1426 1908 terreno
1440 1864 1576 1926 prin-

163 1936 253 1999 cipi
272 1954 362 2000 pro
377 1936 547 1982 talibus
564 1937 806 2000 stipendiis
826 1937 1139 1994 inhaerebant,
1159 1950 1204 1985 et
1220 1957 1308 2002 pro
1325 1941 1573 2004 temporali

163 2011 415 2059 commodo
433 2012 678 2076 multiplex
698 2014 940 2059 servitium
953 2049 966 2070 ,
984 2014 1109 2078 quod
1129 2014 1292 2062 divino
1309 2016 1456 2062 cultui
1476 2035 1573 2064 non

163 2091 417 2154 competit,
442 2091 714 2137 indecenter
733 2091 1085 2155 impendebant.
1107 2093 1250 2138 Prisci
1271 2093 1460 2141 abbates
1484 2113 1574 2141 sae—

162 2166 329 2212 cularis
360 2167 731 2214 comminatione
763 2170 1008 2232 potestatis
1039 2169 1360 2226 terrebantur,
1396 2182 1442 2218 ct
1473 2173 1573 2219 sine

160 2244 374 2308 synodali
399 2244 685 2292 discussione
708 2246 764 2292 de
796 2246 982 2293 sedibus
1011 2248 1104 2293 suis
1136 2248 1308 2311 injuste
1336 2248 1571 2313 fugaban-

161 2332 262 2378 tur;
285 2339 374 2385 pro
391 2323 564 2386 quibus
584 2324 876 2388 stipendiarii
897 2342 996 2372 non
1016 2326 1235 2373 monachi
1251 2362 1263 2382 ,
1285 2326 1363 2372 sed
1378 2331 1571 2391 tyranni

161 2409 326 2445 contra
350 2411 621 2446 sanctorum
643 2403 753 2448 scita
777 2420 1014 2450 canonum
1036 2403 1421 2450 intrudebantur.
1444 2408 1567 2452 Con-

160 2477 321 2521 ventio
355 2487 400 2521 et
430 2476 671 2539 profectus
704 2477 843 2525 fiebat
874 2480 998 2527 inter
1031 2481 1303 2527 commissos
1334 2498 1494 2545 greges
1526 2495 1572 2529 et

207 2707 254 2748 (ι)
282 2705 366 2745 Luc,
390 2704 519 2744 v1,.38<

258 2781 306 2810 11.
1322 2770 1373 2815 15
