1951 3194
380 214 455 249 108
745 210 987 248 HISTORIA
1018 208 1417 248 ECCLESIASTICA.
1529 213 1649 260 [CfflCA
1675 211 1793 261 1063]

368 292 574 355 judicis.
618 291 698 337 His
730 289 867 335 dictis
904 305 1044 335 senex
1077 299 1271 352 repente
1303 289 1559 353 disparuit,
1595 300 1641 336 et
1672 307 1796 355 aeger

379 386 489 415 mox
511 369 707 414 Uticum
737 367 865 412 misit
883 402 895 423 ‚
925 377 972 413 et
1000 365 1058 412 ab
1082 366 1287 430 ejusdem
1311 367 1402 415 loci
1434 367 1661 414 fratribus
1685 368 1798 413 visi-

380 447 469 492 tari
496 446 695 509 rogavit.
730 444 802 490 llli
834 454 991 491 autem
1017 444 1278 492 Fulconem
1304 444 1361 491 de
1385 446 1693 492 Warlenvilla
1724 446 1796 509 (ι)

382 525 479 571 cito
525 524 759 569 miserunt
803 521 1156 569 Corbaevillam.
1208 521 1277 567 Ibi
1326 540 1528 587 namque
1572 523 1798 587 praefatus

381 602 515 648 miles
540 619 648 647 cum
673 600 851 647 Geroio
872 601 1079 664 ejusdem
1103 601 1265 665 oppidi
1291 600 1516 657 domino,
1543 603 1673 664 cujus
1692 618 1801 664 pro-

380 680 589 744 pinquus
617 688 662 724 et
688 678 864 724 amicus
888 688 1013 737 erat,
1041 678 1323 725 exulationis
1353 695 1448 724 suae
1478 689 1694 741 tempore
1716 695 1801 742 per

380 755 645 802 triennium
675 765 886 800 moratus
917 754 1070 800 fuerat
1087 791 1099 811 ‚
1131 765 1177 801 et
1205 754 1314 800 inde
1344 771 1428 817 per
1453 752 1799 801 Corbonienses

381 844 428 881 et
448 833 705 879 Droeenses
722 842 862 896 atque
880 832 1118 888 Morinos,
1139 832 1349 896 aliosque
1367 849 1485 897 quos
1505 833 1553 877 in
1571 832 1796 878 auxilium

380 912 449 958 sui
477 910 704 959 advocare
727 920 973 974 potuerat,
1004 911 1228 973 injuriam
1251 909 1538 973 expulsionis
1563 926 1659 956 suae
1681 908 1795 955 forti

379 1008 532 1039 werra
573 990 907 1035 vindicaverat.
951 988 1070 1034 Illuc
1117 988 1327 1034 Fulcone
1365 987 1615 1034 confestim
1656 986 1799 1033 adve-

380 1068 543 1114 niente
580 1085 704 1132 aeger
736 1066 869 1113 valde
903 1065 1085 1130 gavisus
1121 1076 1213 1121 est,
1251 1075 1298 1111 et
1332 1064 1624 1110 manifestata
1662 1080 1799 1110 reve-

380 1145 557 1191 latione
589 1162 732 1209 quam
758 1143 911 1208 pridie
949 1141 1157 1199 viderat,
1195 1140 1462 1204 saeculoque
1493 1140 1661 1187 relicto
1690 1157 1797 1186 cum

378 1221 581 1286 benigna
600 1221 854 1267 devotione
873 1220 1017 1266 animi
1033 1218 1294 1265 monachus
1308 1218 1500 1265 effectus
1515 1227 1599 1264 est.
1617 1217 1797 1263 Deinde

380 1310 566 1363 peccata
593 1317 672 1345 sua
701 1300 866 1364 lugens
900 1309 947 1345 et
972 1299 1019 1344 in
1040 1299 1143 1344 Deo
1163 1296 1366 1362 gaudens
1391 1296 1556 1344 eodem
1576 1296 1650 1342 die
1669 1313 1797 1342 mor-

382 1389 489 1423 tuus
511 1388 606 1436 est,
629 1388 675 1424 ct
695 1395 865 1441 corpus
885 1378 982 1441 ejus
999 1376 1196 1422 Uticum
1213 1375 1420 1422 delatum
1440 1384 1534 1430 est,
1559 1373 1718 1437 ibique
1747 1374 1796 1419 in

379 1457 586 1504 claustro
621 1456 968 1503 monachorum
991 1472 1014 1500 a
1040 1454 1219 1500 domno
1243 1452 1410 1499 abbate
1437 1451 1667 1508 osberto,
1695 1461 1742 1498 et
1771 1469 1794 1496 a

378 1546 619 1583 conventu
643 1536 691 1581 S.
719 1533 908 1580 Ebrulfi
934 1532 1197 1580 honorifice
1221 1532 1459 1595 sepultum
1483 1541 1566 1578 est..

442 1611 682 1660 Defuncto
708 1613 867 1676 itaque
891 1611 1127 1669 Emaldo,
1156 1620 1254 1657 tota
1281 1609 1631 1657 Gcroianorum
1656 1607 1797 1655 nobi-

378 1692 481 1738 litas
505 1709 625 1754 pene
650 1690 856 1747 corruit,
879 1707 967 1736 nec
988 1689 1111 1734 ullus
1134 1699 1437 1753 posterorum
1455 1697 1650 1733 stemma
1670 1688 1798 1751 prio-

379 1786 488 1815 rum
513 1786 568 1814 ex
595 1769 781 1832 integro
804 1784 952 1831 usque
977 1766 1115 1813 hodie
1140 1766 1329 1830 adipisci
1355 1765 1530 1829 potuit.
1563 1765 1650 1810 Hic
1679 1765 1797 1810 Em-

380 1864 524 1903 mam‚
548 1846 761 1892 Turstini
783 1855 1105 1909 cognomento
1119 1844 1297 1891 Haldue
1316 1845 1390 1908 (2)
1411 1843 1574 1900 filiam,
1599 1860 1796 1889 uxorem

379 1924 606 1979 duxerat,
635 1941 691 1969 ex
715 1940 805 1987 qua
835 1921 1147 1968 Willermum
1177 1930 1223 1968 et
1246 1920 1527 1966 Rainaldum
1554 1937 1606 1966 ac
1629 1921 1798 1966 Petro-

382 1999 543 2046 nillam
566 2009 708 2064 atque
727 1998 902 2044 Gevam
918 2033 929 2053 ‚
953 1998 1165 2062 aliosque
1188 1997 1310 2044 filios
1336 2007 1383 2044 ct
1407 1996 1523 2042 filias
1549 1996 1791 2042 habuerat.

383 2078 474 2137 Qui
512 2087 673 2140 patre,
708 2076 822 2122 dum
851 2075 1002 2122 adhuc
1024 2076 1162 2122 viridi
1191 2078 1386 2140 juventa
1412 2075 1615 2121 maxime
1648 2074 1795 2120 flore-

381 2165 479 2211 ret,
508 2155 555 2200 in
581 2154 754 2200 teneris
778 2154 912 2199 annis
936 2154 1147 2200 destituti
1169 2189 1180 2210 ‚
1208 2163 1254 2199 et
1278 2153 1326 2198 in
1350 2152 1554 2197 externis
1575 2149 1795 2197 domibus

380 2234 455 2295 (ut
473 2249 611 2295 supra
633 2232 740 2277 satis
760 2231 1069 2294 ostendimus)
1092 2230 1336 2278 constituti
1356 2265 1367 2285 ‚
1391 2229 1537 2274 coacti
1561 2239 1671 2274 sunt
1694 2228 1795 2273 ino-

380 2309 501 2372 pias,
528 2307 780 2372 pluresque
807 2307 999 2370 injurias
1022 2307 1080 2352 ab
1107 2305 1304 2351 infantia
1332 2305 1531 2369 perpeti.
1563 2305 1714 2350 Mater
1737 2303 1793 2349 ad

379 2386 631 2434 Eudonem
678 2386 876 2432 fratrem
918 2403 1053 2430 suum
1095 2384 1405 2430 Normannici
1444 2382 1573 2428 ducis
1610 2380 1792 2445 dapife-

427 2599 476 2642 (1)
502 2597 684 2645 Foulques
702 2599 747 2633 dc
766 2598 1046 2641 Gucrnauvillc,
1069 2604 1200 2632 canton
1215 2596 1259 2630 do
1278 2594 1437 2630 Brctcuil
1456 2593 1607 2639 (Eure).

428 2656 477 2699 (εὶ)
504 2657 678 2691 'l'oustain
698 2657 857 2699 llalduc,
880 2657 1072 2691 sondatvur
1090 2657 1134 2690 dc
1155 2657 1267 2690 [essai
1288 2652 1557 2699 (,lt'.1·uqni111n),
1579 2662 1620 2683 au
1646 2650 1787 2683 ‹lma-sc·

383 2714 426 2746 :lv
446 2717 666 2755 «Iomanem,
689 2730 732 2751 vn
759 2717 855 2751 1050.
