1951 3194
143 233 408 280 [losa-mm]
634 229 785 267 LIBER
815 228 1047 267 'rERTqu
1492 233 1542 268 79

206 309 331 354 Idem
354 308 401 352 in
423 307 580 370 primo
602 323 728 353 anno
747 307 817 352 sui
840 306 1081 371 regiminis
1102 306 1231 371 (quia
1252 317 1383 351 vetus
1402 307 1543 354 eccle-

139 386 220 441 sia,
237 402 378 450 quam
398 395 584 430 sanctus
605 383 831 430 Ebrulfus
851 394 1201 440 construxerat,
1222 401 1359 447 parva
1382 393 1428 430 et
1445 402 1543 430 rus-

141 462 279 507 ticani
311 462 465 524 operis
494 461 624 524 erat)
661 461 899 524 ingentem
928 459 1166 505 basilicam
1199 460 1368 524 insigni
1400 478 1542 525 opere

138 540 311 603 coepit,
341 557 483 603 quam
515 540 562 584 in
591 538 773 584 honore
801 547 972 582 sanctae
998 537 1080 582 Dei
1111 537 1350 600 genitricis
1380 539 1543 585 Mariae

138 629 436 672 construere,
473 617 726 680 multisque
757 624 1028 661 sanctorum
1064 614 1288 661 altaribus
1320 617 1543 679 ampliare

136 696 361 742 decrevit.
395 695 514 740 Nam
544 703 741 757 propter
772 692 992 756 reliquias
1022 703 1290 739 sanctorum
1311 729 1324 751 ,
1354 712 1461 758 quae
1492 695 1541 740 in

136 773 281 819 veteri
307 772 493 818 ecclesia
517 768 811 833 temporibus
836 770 981 815 sancti
1000 769 1187 815 Ebrulfi
1211 770 1413 817 conditae
1430 783 1542 818 sunt

138 851 239 913 [sed
253 867 418 896 eorum
436 849 648 906 nomina,
666 848 738 894 vel
756 858 899 913 gesta,
918 866 997 894 seu
1010 848 1108 895 loca
1128 847 1435 912 depositionis
1452 867 1541 913 pro

133 927 411 992 antiquitate
436 927 716 990 ignorantur
734 925 792 971 ab
816 925 885 971 his
904 925 985 989 qui
1010 926 1284 990 supersunt]
1310 925 1541 990 disposuit

133 1021 304 1050 novam
321 1005 469 1049 aedem
489 1014 581 1048 tam
600 1020 816 1066 magnam
836 1001 1004 1059 facere,
1020 1012 1072 1047 ut
1091 1012 1319 1050 vetustam
1338 1004 1540 1050 omnino

135 1081 474 1138 circumdaret,
511 1091 557 1127 et
593 1097 691 1126 ossa
727 1097 806 1126 seu
835 1079 1066 1125 mausolea
1103 1091 1402 1136 sanctorum,
1431 1098 1539 1144 quae

135 1157 310 1205 ibidem
331 1158 478 1205 latent
493 1194 504 1213 ,
525 1174 708 1221 semper
728 1156 989 1203 honorifice
1008 1157 1293 1204 contineret.
1316 1159 1403 1204 Sed
1427 1177 1541 1222 pro-

136 1235 262 1280 cellis
282 1235 645 1281 tribulationum
660 1233 1046 1280 incumbentibus
1063 1252 1235 1281 cessare
1252 1235 1311 1280 ab
1326 1236 1540 1300 incoepto

133 1328 275 1375 opere
306 1323 491 1358 coactus
527 1323 619 1367 est,
654 1311 782 1376 quod
818 1311 974 1357 nullus
1011 1329 1331 1359 successorum
1360 1315 1456 1376 ejus
1488 1332 1540 1360 ea

136 1406 351 1435 mensura
376 1390 449 1435 vel
484 1389 651 1435 ordine
682 1406 761 1434 seu
793 1388 899 1435 loco
914 1423 927 1445 ,
952 1405 1048 1452 quo
1078 1389 1174 1452 ipse
1198 1388 1537 1446 destinaverat,

136 1467 357 1530 prosequi
384 1484 518 1512 ausus
542 1476 626 1512 est.

200 1543 341 1591 Anno
361 1543 418 1589 ab
443 1544 767 1590 incarnatione
787 1543 979 1590 Domini
1000 1550 1136 1590 ML1x⁰
1156 1543 1416 1592 indictione
1435 1554 1539 1591 Xffla

138 1621 364 1666 Henricus
387 1637 471 1666 rex
490 1620 782 1666 Francorum
801 1628 909 1684 post
931 1619 1101 1665 multas
1130 1619 1412 1683 probitateS,
1435 1623 1539 1686 qui-

135 1696 221 1743 bus
246 1698 294 1743 in
318 1715 464 1761 regno
489 1697 692 1761 gloriose
712 1697 887 1760 viguit,
915 1696 1161 1760 potionem
1185 1714 1208 1742 a
1231 1697 1413 1744 Joanne
1436 1716 1541 1744 me-

133 1773 239 1821 dico
259 1774 536 1821 Carnotensi
548 1809 562 1831 ,
584 1773 666 1839 qui
688 1791 745 1820 ex
768 1783 940 1820 eventu
960 1771 1138 1818 Surdus
1166 1774 1541 1838 cognominaba-

136 1861 231 1908 tur,
260 1870 340 1916 spe
371 1852 600 1916 longioris
631 1862 678 1898 et
710 1852 907 1898 sanioris
932 1851 1042 1897 vitae
1073 1851 1270 1914 accepit.
1312 1851 1400 1898 Sed
1430 1855 1539 1917 quia

134 1939 249 1976 voto
277 1946 361 1975 suo
388 1931 532 1992 magis
561 1946 701 1993 quam
726 1938 967 1992 praecepto
998 1926 1220 1973 archiatri
1253 1926 1543 1975 obsecunda-

137 2005 230 2061 vit,
260 2014 306 2052 et
337 2023 526 2070 aquam,
557 2004 670 2050 dum
695 2021 879 2051 veneno
906 2004 1110 2050 rimante
1141 2004 1367 2051 interiora
1399 2005 1540 2051 nimis

137 2093 406 2146 angeretur,
429 2082 547 2128 clam
570 2099 593 2127 a
620 2080 911 2128 cubiculario
933 2081 1094 2127 sitiens
1118 2081 1358 2144 poposcit,
1385 2081 1540 2129 medi-

138 2176 287 2223 coque
310 2160 557 2223 ignorante
579 2169 686 2205 ante
705 2159 1036 2223 purgationem
1055 2156 1180 2204 bibit
1199 2178 1209 2204 :
1228 2159 1348 2222 proh
1374 2158 1536 2206 dolor!

140 2237 188 2281 in
207 2237 465 2283 crastinum
481 2254 588 2283 cum
607 2253 778 2300 magno
796 2235 1061 2282 multorum
1077 2252 1285 2282 moerore
1302 2235 1424 2283 obiit
1451 2238 1536 2299 (ι).

140 2314 329 2377 Sceptra
370 2316 662 2362 Francorum
702 2313 921 2378 Philippo
958 2312 1058 2360 filio
1108 2330 1193 2359 suo
1208 2348 1222 2371 ,
1256 2313 1336 2378 qui
1388 2312 1538 2358 adhuc

140 2389 396 2453 puerilibus
434 2391 568 2438 annis
600 2389 918 2446 detinebatur,
953 2389 1180 2453 reliquit,
1226 2399 1272 2436 et
1306 2388 1538 2435 Balduino

140 2465 492 2512 Flandrensium
525 2467 630 2512 duci
666 2484 865 2530 puerum
899 2483 1006 2511 cum
1030 2482 1180 2529 regno
1205 2465 1261 2509 ad
1286 2463 1536 2510 tutandum

141 2542 501 2588 commendavit.
526 2542 805 2606 Hujusmodi
826 2543 971 2589 tutela
992 2552 1127 2587 tanto
1146 2540 1251 2586 duci
1270 2539 1391 2586 bene
1409 2558 1537 2588 com-

186 2714 236 2758 (ι)
255 2714 305 2747 Ce
326 2714 451 2759 prince
471 2725 514 2746 ne
534 2719 682 2745 mourut
701 2723 760 2757 pas
776 2723 820 2744 en
844 2709 948 2756 1059,
972 2711 1059 2744 mais
1080 2710 1112 2744 lc
1130 2721 1174 2756 29
1189 2709 1275 2744 aofit
1297 2709 1395 2744 1060.
