1951 3194
142 249 277 299 [1068]
629 242 783 282 LIBER
814 242 1069 291 QUARTUS.
1479 244 1553 280 185

139 337 235 374 rata
253 324 495 372 deditione
517 324 615 369 vim
636 322 1021 379 declinaverunt,
1048 322 1243 387 regique
1269 321 1418 367 claves
1437 322 1555 366 civi-

139 405 246 453 tatis
270 421 379 451 cum
404 400 649 450 obsidibus
672 400 923 448 dederunt.
946 402 1048 464 Ipse
1065 411 1250 461 tamen,
1279 399 1388 465 quia
1413 397 1555 446 fidem

136 482 329 529 illorum
358 490 619 544 suspectam
645 477 841 535 habuit,
876 478 925 524 in
955 475 1074 525 urbe
1109 478 1203 542 ipsa
1232 475 1554 523 munitionem

134 559 341 606 firmavit
356 594 369 615 ,
397 574 540 623 quam
563 554 753 603 delectis
771 553 1006 600 militibus
1026 554 1382 602 custodiendam
1408 552 1553 600 tradi-

133 637 220 684 dit.
245 638 384 683 Tunc
402 634 640 682 Archillus
659 632 1014 697 potentissimus
1032 631 1554 698 Nordanhymbrorum

135 732 243 760 cum
256 731 366 779 rege
386 711 691 760 concordiam
707 710 838 768 fecit,
857 710 994 774 eique
1012 709 1167 756 filium
1183 727 1320 756 suum
1338 710 1552 757 obsidem

134 791 343 837 tradidit.
365 788 542 836 Praesul
566 804 757 853 quoque
780 787 1003 834 Dunelmi
1030 788 1102 851 (1)
1129 788 1251 853 regis
1279 788 1328 834 in
1353 789 1552 852 gratiam

132 868 348 926 accessit,
376 876 422 913 et
439 883 529 930 pro
550 865 789 912 Malcomo
812 882 921 930 rege
945 866 1201 912 Scotorum
1228 866 1353 929 pacis
1376 865 1550 913 media-

132 955 209 993 tor
228 944 513 1001 intervenit,
536 954 584 991 et
603 953 813 1008 acceptas
838 942 1137 991 conditiones
1162 944 1210 990 in
1236 943 1445 990 Scotiam
1469 943 1550 990 de-

130 1021 257 1067 tulit.
281 1020 542 1067 Malcomus
559 1032 716 1067 autem
731 1056 744 1077 ,
772 1019 883 1067 licet
901 1019 960 1067 ab
986 1020 1150 1085 Anglis
1168 1021 1423 1085 requisitus
1447 1019 1552 1066 fue-

127 1098 216 1153 rit,
236 1107 282 1144 et
298 1096 500 1143 validam
520 1096 868 1161 expeditionem
890 1097 939 1143 in
960 1114 1127 1144 eorum
1147 1097 1378 1143 auxilium
1395 1096 1549 1143 facere

125 1176 385 1240 paraverit,
428 1175 585 1221 audita
622 1186 779 1222 tamen
820 1175 1055 1239 legatione
1094 1175 1219 1239 pacis
1253 1175 1435 1240 quievit
1453 1210 1466 1231 ,
1504 1184 1552 1222 et

125 1270 234 1298 cum
262 1251 464 1315 praesule
486 1251 706 1298 Dunelmi
736 1252 938 1298 nuncios
970 1268 1078 1298 suos
1101 1262 1303 1300 ovanter
1332 1251 1516 1298 remisit
1534 1286 1546 1305 ,

123 1347 209 1393 per
230 1347 351 1394 quos
375 1329 633 1376 Guillelmo
656 1330 754 1394 regi
779 1328 917 1376 fidele
940 1328 1225 1394 obsequium
1243 1329 1442 1392 juravit.
1471 1328 1548 1374 Sic

123 1407 306 1454 utiliter
325 1405 411 1452 sibi
432 1406 697 1464 consuluit,
720 1406 995 1471 populoque
1015 1423 1101 1453 suo
1118 1406 1326 1452 multum
1346 1405 1544 1470 placuit,

123 1483 251 1549 quod
275 1502 437 1548 pacem
460 1484 589 1531 bello
612 1485 891 1549 praeposuit.
914 1484 1036 1530 Nam
1060 1485 1245 1533 Scotica
1267 1502 1408 1549 genS,
1436 1484 1548 1530 licet

124 1564 173 1608 in
196 1563 363 1627 praelio
387 1580 547 1627 aspera
570 1564 656 1619 sit,
685 1563 839 1610 otium
863 1574 1021 1610 tamen
1047 1574 1092 1610 et
1117 1564 1328 1628 quietem
1353 1562 1510 1627 diligit
1530 1582 1541 1616 ;

121 1640 271 1687 nollet
291 1658 313 1685 a
335 1640 501 1686 vicinis
526 1641 779 1704 inquietari
800 1641 981 1705 regnis,
1004 1640 1276 1687 christianae
1300 1640 1545 1705 religionis

120 1718 226 1781 plus
251 1735 395 1783 quam
419 1736 664 1766 armorum
688 1718 870 1766 intenta
899 1719 1083 1765 studiis,
1119 1720 1219 1766 Rex.
1241 1731 1349 1783 post
1372 1720 1473 1765 haec
1496 1720 1543 1765 in

120 1796 392 1842 reversione
432 1814 511 1841 sua
553 1796 781 1843 Lincoliae
799 1832 812 1854 ,
859 1796 1198 1844 Huntendonae
1241 1808 1286 1844 et
1330 1798 1544 1845 Gronte-

120 1871 286 1937 brugae
320 1875 392 1937 (2)
425 1884 572 1920 castra
606 1874 805 1931 locavit,
839 1885 886 1921 et
917 1875 1115 1922 tutelam
1145 1893 1312 1923 eorum
1345 1876 1544 1923 fortissi-

120 1951 208 1996 mis
232 1952 345 1997 viris
368 1952 737 1999 commendavit.

184 2028 267 2073 His
293 2029 587 2093 temporibus
606 2030 824 2094 quaedam
847 2030 1161 2079 Normanniae
1179 2033 1400 2080 mulieres
1421 2050 1540 2079 saeva

119 2104 330 2152 libidinis
350 2106 450 2153 face
470 2106 751 2165 urebantur,
774 2107 1046 2174 crebrisque
1066 2111 1249 2157 nuntiis
1268 2128 1291 2157 a
1310 2111 1423 2157 viris
1446 2112 1541 2158 suis

119 2183 396 2248 flagitabant
420 2195 475 2230 ut
499 2185 596 2232 cito
630 2196 1003 2245 reverterentur,
1029 2188 1252 2237 addentes
1282 2190 1412 2255 quod
1448 2190 1537 2236 nisi

118 2263 324 2310 reditum
348 2273 673 2321 maturarent,
707 2265 818 2329 ipsae
850 2264 937 2311 sibi
967 2267 1082 2314 alios
1115 2270 1338 2333 conjuges
1363 2286 1540 2331 procu-

117 2350 297 2386 rarent.
326 2340 435 2387 Non
458 2342 588 2388 enim
609 2342 666 2388 ad
689 2344 887 2391 maritos
910 2361 1019 2392 suos
1043 2357 1241 2409 propter
1265 2346 1537 2393 inusitatam

118 2415 205 2462 sibi
229 2415 380 2462 adhuc
399 2419 747 2483 navigationem
766 2422 1073 2470 transfretare
1091 2422 1351 2480 audebant,
1375 2441 1462 2470 nec
1486 2424 1535 2469 in

116 2494 283 2558 Anglia
307 2511 385 2540 eos
419 2505 660 2558 expetere,
701 2496 782 2544 ubi
815 2500 993 2563 jugiter
1031 2501 1078 2546 in
1106 2501 1248 2546 armis
1285 2510 1421 2546 erant
1437 2536 1450 2557 ,
1487 2511 1533 2548 et

162 2682 211 2725 (1)
239 2681 400 2728 Egclwin
413 2709 420 2722 ,
442 2682 577 2729 cchuc
597 2683 641 2717 de
658 2683 836 2718 Durham.

162 2741 210 2784 (2)
237 2741 405 2783 Lincoln,
428 2742 691 2789 Huntingdon7
715 2744 949 2789 Cambridge.
