1951 3194
718 391 946 448 LIBER
996 390 1391 464 QUARTUS.

411 662 447 706 l.
476 660 788 706 TEMPORIBUS
813 654 1068 703 Alexandri
1099 655 1291 702 secundi
1320 658 1542 720 papae(1)
1565 658 1770 721 plurima

344 759 430 806 per
446 737 617 786 orbem
634 752 778 800 regna
799 731 1146 780 calamitatibus
1171 751 1395 781 concussa
1414 745 1526 781 sunt
1540 771 1555 794 ,
1576 746 1623 782 et
1645 736 1772 781 mul—

345 818 531 884 tiplices
552 814 848 881 populorum
866 829 1124 859 concursus
1150 813 1198 858 in
1224 813 1295 858 sui
1321 814 1584 876 perniciem
1607 813 1774 861 debac-

347 897 474 945 chati
503 905 633 942 sunt.
657 894 770 940 Haec
794 892 843 938 in
866 890 1076 938 occiduis
1097 889 1313 954 partibus
1335 892 1588 958 terrigenae
1611 910 1774 940 sense—

346 987 493 1033 runt,
528 985 575 1021 et
608 972 766 1038 gravia
802 969 1058 1017 subeuntes
1097 968 1383 1017 detrimenta
1420 972 1562 1018 nimis
1593 972 1774 1036 experti

346 1064 476 1102 sunt.
513 1050 762 1099 Defunctis
789 1049 920 1096 enim
949 1048 1143 1112 optimis
1177 1048 1367 1113 regibus
1400 1050 1609 1097 Henrico
1631 1051 1778 1096 Fran-

348 1148 518 1181 corum
562 1139 609 1177 et
638 1127 862 1174 Eduardo
893 1125 1188 1190 AngIorum,
1230 1128 1395 1173 Franci
1438 1139 1486 1174 et
1514 1128 1656 1192 Angli
1695 1128 1778 1174 diu

348 1212 580 1258 luxerunt
602 1207 749 1253 funus
774 1222 942 1253 eorum
957 1241 970 1261 ‚
992 1204 1100 1269 quia
1125 1215 1233 1268 post
1258 1205 1361 1251 illos
1385 1206 1464 1251 vix
1491 1207 1647 1271 adepti
1667 1218 1779 1253 sunt.

347 1287 572 1336 dominos
600 1284 692 1331 illis
715 1281 986 1330 consimiles
1003 1280 1263 1328 virtutibus
1288 1294 1335 1329 et
1357 1293 1547 1330 nectare
1566 1301 1776 1330 morum.

348 1364 571 1414 Patribus
600 1362 767 1428 patriae
799 1361 857 1408 de
879 1360 1040 1408 medio
1072 1358 1264 1416 ablatis,
1299 1377 1560 1408 successere
1584 1363 1779 1426 tyranni

350 1445 602 1491 abutentes
628 1440 771 1488 freno
800 1439 943 1504 regiae
967 1438 1328 1486 dominationis,
1356 1439 1523 1504 Anglia
1552 1449 1666 1486 tunc
1690 1441 1783 1487 He-

351 1522 472 1569 raldi
497 1520 675 1568 saevitia
690 1555 704 1576 ‚
732 1518 1041 1582 perjurioque
1060 1516 1241 1581 polluta
1264 1518 1474 1574 corruit,
1498 1528 1544 1563 et
1564 1518 1782 1582 genuinis

353 1597 623 1647 haeredibus
641 1595 828 1652 orbata,
851 1594 1060 1642 externis
1079 1594 1391 1659 praedonibus
1409 1595 1671 1644 Guillelmo
1689 1597 1785 1642 vic-

355 1679 452 1727 tori
476 1676 747 1725 faventibus
782 1673 1043 1739 subjacuit3
1079 1673 1206 1720 unde
1229 1673 1387 1720 flebile
1421 1674 1578 1722 thema
1611 1676 1669 1722 de
1703 1694 1783 1721 sua

357 1758 496 1804 ruina
524 1756 615 1821 piis
648 1751 1044 1817 historiographis
1076 1752 1134 1798 ad
1165 1752 1443 1798 dictandum
1476 1753 1666 1799 tribuit.

423 1835 677 1899 Copiosam
689 1832 893 1879 faciendi
912 1831 1070 1896 plures
1084 1830 1234 1878 libros
1248 1832 1495 1878 materiam
1510 1832 1785 1897 eloquentes

360 1912 585 1979 sophistae
604 1910 878 1958 habuerunt
891 1945 903 1966 ,
927 1910 1010 1974 qui
1034 1910 1154 1974 regis
1177 1908 1422 1956 Guillelmi
1443 1911 1590 1957 eurise
1608 1910 1787 1956 diutius

362 1990 712 2046 interfuerunt,
737 1999 784 2036 et
801 1998 926 2053 gesta
948 1990 1045 2052 ejus
1064 2005 1116 2034 ac
1133 1988 1287 2035 varios
1307 1998 1354 2035 et
1371 1987 1626 2052 praeclaros
1645 2006 1789 2035 even-

365 2080 439 2115 tus
471 2087 523 2114 ac
548 2068 716 2114 intima
741 2076 789 2113 et
812 2065 1052 2130 profunda
1077 2065 1272 2113 consilia
1303 2077 1570 2122 noverunt,
1594 2076 1641 2112 et
1670 2065 1790 2111 divi-

364 2148 540 2195 tiarum
557 2149 654 2210 ejus
672 2145 924 2209 participes
944 2144 1068 2190 ultra
1087 2144 1265 2191 natales
1283 2161 1390 2191 suos
1408 2144 1664 2190 admodum
1682 2160 1789 2207 pro-

367 2226 487 2273 moti
516 2234 644 2271 sunt.
672 2223 892 2269 Ecclesiae
914 2239 1111 2286 nempe,
1139 2240 1243 2286 quat
1273 2221 1361 2267 sub
1393 2239 1449 2268 eo
1473 2221 1546 2267 vel
1571 2220 1630 2266 ab
1654 2238 1710 2268 eo
1734 2221 1788 2266 ad

369 2304 559 2351 laudem
585 2301 668 2348 Dei
706 2302 753 2346 in
774 2300 995 2346 Neustria
1018 2300 1091 2347 vel
1115 2299 1287 2363 Anglia
1306 2298 1443 2345 factae
1472 2309 1607 2356 sunt,
1641 2298 1791 2346 devo-

373 2381 519 2429 tionis
534 2381 650 2444 ejus,
673 2377 997 2442 largitatisque
1019 2378 1065 2423 in
1085 2377 1168 2424 Dei
1189 2377 1322 2423 cultu
1337 2376 1569 2424 laudabile
1584 2377 1793 2424 testimo-

374 2461 512 2507 nium
543 2468 783 2512 asserunt,
823 2455 1035 2520 bonique
1074 2454 1216 2501 studii
1256 2455 1527 2520 exemplum
1565 2454 1793 2501 imitabile

375 2535 577 2601 posteris
618 2534 828 2598 pariunt.
874 2531 1109 2578 Coenobia
1151 2550 1343 2597 quoque
1386 2532 1588 2596 plurima
1626 2530 1794 2577 devote

378 2613 672 2667 construxit,
712 2622 758 2657 et
797 2609 854 2655 ab
892 2611 992 2673 ipso
1025 2609 1097 2656 vel
1134 2608 1191 2654 ab
1225 2610 1325 2655 aliis
1366 2610 1553 2655 condita
1591 2607 1795 2653 multum

428 2789 478 2820 (ιῖ
505 2784 548 2818 ῗῖι)
569 2785 771 2831 <eph-nilne
794 2784 938 2817 mlii-221
966 2784 1051 2817 :ix-vil
1079 2782 1163 2831 107}
