1951 3194
567 261 722 301 LIBER
750 262 989 311 QUINTUS.
1406 263 1479 302 411

74 360 181 389 eum
205 342 375 406 injuste
396 350 589 406 paterna
617 341 888 388 haereditate
913 341 1195 405 privaverat.
1223 339 1306 387 Ille
1336 342 1484 387 nimi-

73 437 180 465 rum
212 436 422 467 moerens
450 419 776 466 vehementem
807 419 1046 465 audaciam
1078 419 1280 483 arripuit
1292 438 1304 476 ;
1337 422 1484 483 junc—

72 498 224 561 tisque
254 496 341 542 sibi
377 496 529 542 tribus
565 495 793 542 fratribus
826 497 949 553 suis,
976 496 1057 562 qui
1090 496 1283 542 militari
1313 495 1483 560 probi—

72 585 164 622 tate
188 575 460 639 pollebant,
487 584 636 621 noctu
660 573 716 620 ad
741 592 972 621 cameram
995 575 1245 622 comitissae
1268 576 1479 632 accessit,

71 652 313 716 ipsamque
338 651 386 697 in
413 650 677 714 municipio
710 667 849 714 super
877 650 1072 709 Divam,
1099 650 1227 715 quod
1248 651 1386 697 Buris
1409 651 1485 697 di-

70 730 196 774 citur
216 730 313 792 (1),
341 729 391 773 in
417 728 539 774 lecto
562 737 669 790 post
691 725 914 773 balneum
937 727 1236 774 deliciantem
1252 764 1265 785 ,
1290 745 1380 792 pro
1402 746 1483 775 re-

67 805 454 869 compensatione
485 803 763 868 patrimonii
795 804 871 860 sui
899 822 1007 864 ense
1038 804 1352 853 detruncavit.
1389 811 1481 853 Pe—

66 894 191 928 racta
230 883 386 946 itaque
420 881 547 929 caede
575 881 733 928 feralis
765 880 918 938 herae,
955 881 1094 928 multi
1129 883 1185 930 de
1215 884 1354 929 ruina
1385 886 1482 947 ejus

66 960 358 1017 exultavere,
391 959 607 1023 tantique
640 958 867 1007 facinoris
900 971 1114 1007 auctores
1147 960 1401 1007 confestim
1431 962 1481 1007 in

66 1037 290 1102 Apuliam
324 1037 498 1084 abiere.
537 1038 675 1102 Hugo
705 1036 762 1084 de
791 1039 1218 1086 Monte-Gomerici
1261 1041 1335 1104 (2)
1373 1057 1482 1086 cum

66 1132 148 1162 xvl
185 1114 418 1161 militibus
452 1115 500 1160 in
537 1115 703 1162 eodem
735 1115 842 1163 vico
884 1126 1006 1174 erat:
1047 1116 1126 1163 sed
1161 1117 1314 1163 audita
1354 1117 1481 1164 clade

64 1193 228 1238 matris
253 1211 349 1239 suae
381 1192 615 1258 fugientes
645 1191 905 1240 homicidas
939 1195 1182 1259 persequi,
1213 1212 1311 1241 non
1343 1212 1480 1242 com-

66 1271 357 1335 prehendere
394 1281 608 1335 poterat;
655 1271 765 1336 quia
807 1272 1003 1335 provida
1048 1272 1272 1318 calliditas
1314 1291 1480 1320 eorum

64 1359 235 1412 pontes
264 1348 524 1396 fluviorum
554 1365 680 1412 pone
703 1349 893 1413 vestigia
923 1367 1002 1395 sua
1013 1385 1026 1407 ,
1062 1367 1120 1396 ne
1152 1361 1429 1397 tenerentur
1452 1367 1478 1396 a

65 1425 354 1482 vindicibus,
394 1425 702 1472 destruxerat.
740 1426 948 1473 Hiemale
983 1444 1174 1492 quoque
1214 1437 1398 1492 tempus
1432 1438 1478 1475 et

67 1502 312 1550 tenebrosa
331 1520 452 1559 nox,
474 1502 827 1567 fluminumque
848 1503 1179 1551 inundationes
1197 1522 1478 1569 persequen-

65 1592 131 1628 tes
156 1580 500 1645 impediebant,
518 1592 564 1628 et
581 1581 839 1646 fugientes,
862 1582 1044 1628 ultione
1062 1582 1180 1628 facta
1196 1619 1208 1639 ,
1232 1583 1477 1630 Norman-

64 1661 191 1705 niam
212 1659 370 1705 statim
399 1658 750 1723 relinquebant.
782 1658 997 1723 Denique
1022 1659 1336 1707 Troarnensis
1360 1678 1477 1707 cou-

63 1747 230 1784 ventus
245 1737 337 1800 (cui
353 1736 604 1782 Durandus
618 1735 758 1782 abbas
773 1739 992 1801 praeerat)
1006 1737 1198 1784 cadaver
1208 1739 1475 1784 frustratim

64 1814 369 1860 dilaceratum
394 1831 543 1860 nonas
567 1813 828 1860 decembris
851 1814 1064 1877 sepelivit
1086 1816 1155 1878 (ὅ)
1175 1851 1188 1872 ,
1218 1826 1264 1862 et
1288 1833 1388 1862 non
1410 1815 1474 1862 oh

63 1891 424 1955 praerogativam
449 1891 761 1947 meritorum,
785 1891 862 1937 sed
884 1908 972 1954 pro
1000 1891 1161 1939 favore
1183 1894 1469 1950 amicorum,

65 1986 202 2032 super
227 1967 466 2013 tumulum
489 1967 568 2013 has
587 1968 765 2014 naenias
788 1967 950 2014 edidit.

248 2080 330 2115 Alta
348 2079 549 2114 clarentum
566 2079 611 2114 de
629 2080 741 2126 stirpe
758 2086 876 2114 creata
894 2088 1105 2126 parentum,

293 2138 369 2172 Hac
386 2137 525 2183 tegitur
541 2138 668 2172 tumba
686 2137 842 2172 maxima
857 2138 1017 2174 Mabilia.

248 2196 350 2239 Haee,
372 2197 468 2230 inter
483 2196 641 2232 celebres
658 2197 793 2232 famosa
810 2198 925 2244 magis
943 2198 1131 2243 mulieres,

290 2255 434 2290 Claruit
449 2257 488 2290 in
508 2256 580 2291 lato
598 2256 687 2292 orbe
705 2257 759 2291 sui
780 2257 924 2293 merito.

248 2314 378 2348 Acrior
392 2314 561 2360 ingenio,
581 2326 688 2349 sensu
703 2315 808 2362 vigil,
830 2316 988 2364 impigra
1003 2318 1115 2360 facto,

290 2372 402 2406 Utilis
420 2372 565 2420 eloquio
576 2402 585 2417 ‚
605 2374 755 2420 provicia
769 2375 936 2420 consilio,

246 2432 357 2467 Exilis
375 2433 512 2476 forma3
533 2434 595 2468 sed
612 2434 759 2481 grandis
777 2447 925 2481 prorsus
942 2436 1131 2478 honestas;

287 2490 442 2537 Dapsilis
460 2492 499 2525 in
517 2499 664 2539 sumptu
676 2520 686 2536 ‚
706 2492 802 2527 culta
820 2493 904 2528 satis
922 2494 1071 2537 habitu,

109 2650 157 2694 (1)
183 2649 313 2693 ssures,
335 2650 417 2696 pres
439 2651 594 2685 Troarn.

109 2708 156 2751 (2)
182 2708 334 2754 Hugues
351 2707 396 2741 de
414 2709 717 2755 Montgommeri,
736 2717 853 2745 comte
872 2710 916 2745 de
934 2711 1173 2757 Shrcwsbury
1194 2723 1238 2745 cn
1264 2715 1360 2758 1094.

111 2765 160 2809 (3)
187 2768 233 2801 Lo
252 2767 273 2801 5
292 2768 482 2803 decembre
505 2770 602 2803 1082.
