1951 3194
455 262 533 300 304
817 262 1061 300 HISTORIA
1092 261 1494 303 ECCLESIASTICA.
1594 268 1866 318 [1071-1077]

520 345 646 389 Dum
675 360 757 388 rex
790 341 1070 388 Guillelmus
1106 343 1155 388 in
1186 342 1402 389 Neustria
1434 345 1736 401 consisteret,
1773 354 1865 392 ter-

455 438 652 485 ramque
675 437 807 466 suam
831 436 939 465 cum
957 420 1041 465 Dei
1066 419 1244 466 auxilio
1268 430 1433 467 contra
1461 437 1624 469 omnes
1646 421 1866 468 adversa-

456 500 553 545 rios
582 508 781 555 tutaret,
807 497 1029 561 praesules
1057 498 1326 563 Anglorum
1357 498 1646 547 Lanfrancus
1669 501 1870 546 Cantua-

458 576 624 622 riensis
657 586 704 622 et
734 574 942 622 Thomas
971 574 1281 623 Eboracensis
1310 586 1451 641 atque
1486 578 1723 643 Remigius
1759 579 1871 625 Lin-

458 652 676 699 coliensis
717 654 918 699 Romam
958 652 1204 709 abierunt,
1251 663 1297 700 et
1344 672 1367 699 a
1415 654 1595 702 domno
1636 656 1871 721 Gregorio

458 748 600 794 papa,
635 741 893 795 senatuque
917 731 1134 779 Romano
1164 731 1644 780 honorificentissime
1670 735 1871 798 suscepti

457 820 569 855 sunt
591 809 682 872 (1).
710 809 777 855 De
794 808 969 854 divitiis
989 809 1202 873 Anglicis
1223 809 1346 874 larga
1364 828 1563 857 munera
1581 811 1760 876 cupidis
1780 813 1873 859 Ro-

461 887 609 933 manis
628 885 838 933 ubertim
857 885 1115 946 dederunt,
1135 904 1310 951 suaque
1330 887 1395 933 sic
1414 887 1645 952 largitate,
1675 906 1783 935 cum
1804 889 1874 936 fa-

461 962 629 1009 cundia
645 999 658 1020 ,
686 964 967 1028 geminaque
986 963 1179 1009 scientia
1201 964 1441 1011 mirabiles
1461 966 1605 1011 Latiis
1627 966 1713 1011 visi
1742 977 1870 1012 sunt.

463 1041 741 1105 Legationes
769 1039 1013 1086 Guillelmi
1048 1041 1197 1104 regiS,
1227 1059 1341 1105 quas
1370 1042 1601 1090 antistites
1628 1045 1727 1105 jam
1759 1042 1873 1090 dicti

461 1135 571 1165 cum
594 1116 874 1164 muneribus
899 1116 1197 1173 detulerunt,
1225 1135 1342 1181 papa
1365 1118 1610 1183 clerusque
1633 1121 1875 1167 Romanus

461 1195 808 1260 gratantissime
839 1204 1152 1258 suceperunt‚
1186 1204 1234 1240 et
1265 1194 1508 1258 privilegia
1539 1213 1645 1260 quae
1683 1213 1764 1259 per
1797 1214 1875 1243 eos

463 1275 690 1338 petierat,
728 1271 1102 1319 antecessoribus
1126 1273 1219 1318 suis
1255 1272 1372 1320 olim
1404 1290 1644 1331 concessa,
1671 1272 1877 1322 libenter

462 1360 752 1398 annuerunt.

528 1428 672 1475 Anno
684 1427 742 1474 ab
754 1428 1081 1476 incarnatione
1092 1429 1288 1476 Domini
1300 1434 1354 1476 Μο
1365 1438 1477 1476 Lxx⁰
1490 1438 1597 1486 vn0,
1616 1428 1875 1475 indictione

465 1515 549 1553 xva
579 1506 763 1571 praefati
790 1506 1039 1570 pontifices
1073 1507 1290 1554 alacriter
1325 1508 1474 1554 Roma
1511 1505 1756 1554 redierunt
1779 1508 1874 1569 (2),

468 1585 518 1630 in
547 1601 757 1650 quorum
782 1584 988 1631 adventu
1009 1602 1093 1631 rex
1118 1595 1165 1632 et
1188 1602 1353 1632 omnes
1378 1584 1611 1649 indigenae
1636 1583 1879 1631 Norman—

466 1664 560 1709 nici
598 1663 848 1728 magnifice
882 1663 1027 1708 laetati
1058 1675 1185 1708 sunt.
1226 1664 1364 1709 Tunc
1396 1662 1599 1708 basilicae
1633 1662 1792 1725 plures
1830 1662 1879 1707 in

468 1875 593 1909 charte
611 1874 655 1909 de
668 1874 857 1909 fondation
870 1875 1015 1918 (Gallia
1036 1875 1256 1917 Christiana,
1271 1878 1439 1910 instrum.
1459 1878 1584 1911 eccles.
1599 1877 1741 1924 Bajoc.‚
1761 1890 1790 1912 c.
1808 1877 1880 1924 61.)

470 1933 499 1966 Il
516 1933 595 1967 faut
612 1933 706 1967 donc
725 1941 850 1979 portel·
876 1935 894 1967 a
913 1934 1074 1967 soixante
1093 1940 1131 1968 et
1150 1946 1222 1968 une
1239 1933 1290 1968 les
1308 1936 1441 1969 annees
1459 1934 1504 1968 de
1523 1947 1586 1969 son
1606 1935 1726 1980 sejour
1743 1935 1832 1970 dans
1849 1936 1883 1970 le

467 1991 614 2034 clostre,
637 1999 673 2026 et
692 1991 838 2026 reduire
856 1994 876 2026 a
898 1999 976 2038 sept
997 1992 1103 2026 celles
1120 1991 1165 2026 de
1184 2004 1249 2027 son
1269 1992 1578 2028 administration.
1713 2040 1716 2041 γ

514 2051 564 2096 (ι)
591 2050 638 2085 Le
659 2063 792 2097 voyage
811 2050 856 2084 de
883 2063 940 2085 ces
959 2051 1049 2085 trois
1069 2053 1202 2097 prelats
1219 2053 1238 2085 a
1258 2051 1374 2086 Rome
1398 2052 1497 2086 n⁷eut
1523 2053 1627 2098 point
1651 2053 1725 2087 lieu
1748 2064 1830 2087 sous
1849 2052 1883 2087 le

471 2110 659 2155 pontificat
674 2109 719 2143 de
736 2109 918 2156 Gressgoire
933 2110 1025 2152 VII,
1046 2110 1135 2144 mais
1155 2122 1237 2145 sous
1257 2111 1349 2145 celui
1368 2111 1608 2147 d'Alexandre
1627 2112 1680 2154 II,
1701 2124 1746 2146 en
1775 2124 1855 2159 ¹07¹
1871 2126 1880 2152 ς

471 2181 510 2203 ce
533 2181 646 2215 pape,
665 2169 728 2216 qui
753 2170 846 2203 avait
867 2170 924 2203 ete
942 2169 975 2203 le
996 2169 1147 2216 disciple
1170 2170 1215 2205 de
1233 2171 1410 2205 Lanfranc
1435 2183 1479 2205 au
1500 2172 1584 2214 Bec,
1617 2183 1652 2205 sc
1676 2171 1751 2206 leva
1770 2173 1790 2205 a
1817 2183 1882 2205 son

470 2229 672 2275 approche,
694 2241 740 2263 en
758 2228 879 2263 disant
900 2241 971 2275 que
989 2230 1109 2264 c⁷etait
1130 2242 1224 2276 pour
1240 2231 1329 2264 faire
1346 2231 1527 2273 honneur,
1550 2242 1623 2264 non
1649 2233 1668 2264 a
1684 2230 1882 2265 l⁷archeve-

471 2301 542 2336 que
560 2288 605 2322 de
625 2288 866 2334 Canterbury,
888 2289 978 2322 mais
995 2290 1014 2322 a
1034 2301 1098 2323 son
1116 2289 1244 2324 ancien
1265 2289 1393 2324 maltre
1407 2288 1457 2323 (lu
1474 2289 1554 2323 Bec.
1575 2290 1640 2324 Les
1655 2289 1749 2323 deux
1761 2296 1883 2325 autres

473 2348 605 2395 prelats
621 2348 745 2383 furent
762 2348 951 2395 beaucoup
968 2349 1085 2383 moins
1101 2349 1187 2384 bien
1205 2361 1325 2396 rocus,
1344 2356 1379 2383 et
1395 2356 1525 2384 eurent
1538 2352 1557 2384 ὲ
1575 2362 1612 2384 se
1629 2349 1804 2385 desentire
1817 2378 1826 2394 ‚
1849 2351 1883 2384 le

473 2409 633 2455 premier
651 2408 695 2442 de
720 2420 759 2443 ce
782 2408 871 2455 qu'il
894 2409 982 2442 ctait
1001 2408 1054 2442 fils
1078 2409 1123 2443 de
1143 2409 1284 2456 pretrc,
1307 2409 1339 2443 le
1362 2409 1493 2443 second
1512 2409 1557 2444 de
1577 2422 1616 2444 ce
1642 2409 1731 2457 qu'il
1755 2409 1884 2443 n’avait

474 2470 610 2503 obtenu
630 2468 788 2503 l'eveche
802 2468 847 2502 de
868 2468 1017 2503 Lincoln
1031 2469 1141 2516 qn’en
1161 2472 1394 2515 recompenso
1411 2469 1461 2503 du
1476 2469 1621 2504 notable
1637 2481 1780 2504 secours
1793 2469 1882 2516 qu’il

473 2528 566 2561 avait
586 2527 687 2573 prete
707 2529 726 2560 ἐι
743 2526 955 2561 Guillaume
979 2539 1072 2573 pour
1097 2527 1129 2561 la
1149 2528 1328 2574 conquete
1348 2527 1601 2575 d'Angleterre
1622 2529 1691 2571 (un
1709 2527 1830 2561 navire
1846 2533 1884 2561 et

475 2586 578 2631 vingt
595 2585 820 2629 chevaliers).

521 2645 570 2688 (2)
597 2644 627 2678 ll
648 2658 670 2690 y
690 2644 782 2678 avait
803 2646 821 2678 a
840 2650 933 2678 cette
952 2645 1093 2690 epoque
1109 2645 1157 2678 six
1172 2656 1234 2679 ans
1252 2657 1322 2691 que
1342 2645 1391 2680 les
1414 2645 1503 2679 trois
1522 2643 1654 2691 prelats
1669 2643 1804 2678 etaient
1825 2654 1882 2677 re-

476 2716 585 2737 vomis
604 2704 648 2737 ‹h›
668 2704 783 2738 Rome
803 2716 847 2738 en
868 2703 1095 2749 Angli-‘terrim
