1951 3194
161 233 297 283 {1066}
652 227 805 267 LIBER
835 226 1069 266 TERTIUS.
1493 229 1569 267 143

222 312 454 356 Praeterea
479 307 659 353 meritis
690 307 837 353 sancti
866 305 1033 353 Judoci
1059 304 1208 351 multa
1233 304 1394 352 Parnis
1417 306 1571 352 mira-

158 386 259 434 cula
281 385 403 431 facta
431 395 569 441 sunt,
597 383 903 449 quotidieque
930 383 1078 441 flunt,
1105 399 1312 448 quorum
1337 383 1572 430 nonnulla

156 464 328 527 scripta
354 472 489 521 sunt,
516 472 562 509 et
584 462 718 525 plura
738 478 824 525 per
848 461 1081 507 incuriam
1107 460 1357 508 scientium
1386 478 1467 507 seu
1486 479 1572 525 per

158 541 443 605 imperitiam
466 539 730 587 videntium
752 538 826 584 vel
850 548 1156 602 expertorum
1192 537 1381 585 silentio
1406 538 1574 585 occul-

158 627 252 664 tata
277 627 400 664 sunt.
435 616 532 663 Nos
554 625 710 662 autem
726 651 739 672 ,
771 615 986 680 quamvis
1012 615 1098 662 alia
1122 615 1302 662 referre
1322 615 1572 663 festinare-

156 712 277 751 mus,
291 712 435 758 pauca
447 693 504 740 de
521 703 581 748 te,
594 702 750 738 sancte
761 693 786 737 J
790 692 954 749 udoce,
970 691 1177 739 libenter
1191 694 1571 757 perstrinximus,

155 784 202 819 et
225 773 498 818 charismata
525 769 611 816 tibi
640 769 829 816 coelitus
852 769 956 816 data
981 769 1091 816 huic
1116 771 1345 834 opusculo
1367 772 1574 818 inserui-

155 868 288 907 mus,
317 860 363 897 et
393 866 481 913 pro
511 848 707 895 modulo
730 848 972 912 parvitatis
996 858 1174 895 nostrae
1206 848 1373 896 devote
1395 851 1573 898 attolli-

157 944 279 972 mus.
314 927 512 973 Oramus
546 925 732 990 itaque,
758 926 963 990 gloriose
996 926 1062 972 fili
1087 926 1210 991 regis
1244 927 1502 974 Britonum
1526 939 1575 976 et

157 1020 350 1049 consors
375 1002 679 1066 angelorum,
720 1012 772 1048 ut
796 1020 884 1049 nos
918 1003 1017 1050 Deo
1044 1002 1345 1050 commendes
1375 1014 1573 1052 tuorum

157 1080 353 1127 efficacia
399 1079 681 1126 meritorum
699 1115 709 1135 ,
752 1077 1061 1144 obtineasque
1105 1079 1245 1127 nobis
1300 1082 1573 1129 societatem

157 1159 438 1204 Sanctorum
455 1193 468 1214 ‚
496 1174 604 1202 cum
628 1155 801 1220 quibus
823 1157 1197 1222 contemplantes
1224 1159 1273 1204 in
1293 1158 1461 1206 decore
1487 1177 1574 1208 suo

158 1245 419 1281 creatorem
457 1243 774 1290 cunctorum,
811 1234 905 1280 laeti
941 1234 1260 1282 collaudemus
1299 1254 1385 1299 per
1411 1239 1572 1284 omnia

159 1312 326 1357 saecula
353 1311 638 1357 seculorum.
658 1310 827 1358 Amen.

222 1389 353 1437 XIV.
384 1388 545 1435 Mense
561 1384 774 1452 Augusto
799 1389 1026 1435 Heraldus
1048 1390 1339 1438 Noricorum
1356 1410 1438 1439 rex
1464 1410 1574 1439 cum

161 1466 354 1512 Tostico
373 1476 419 1511 et
434 1465 613 1530 ingenti
628 1465 768 1512 classe
787 1466 1072 1512 immensum
1086 1468 1272 1533 pelagus
1295 1469 1507 1528 intravit,
1527 1480 1574 1517 et

160 1544 405 1607 Aparciate
421 1544 487 1607 (1)
505 1561 585 1590 seu
599 1544 746 1590 Borea
764 1542 908 1590 flante
927 1544 984 1590 ad
1007 1545 1225 1610 Angliam
1249 1547 1494 1610 applicuit,
1526 1559 1573 1595 et

158 1621 506 1667 Eboracensem
523 1620 820 1684 provinciam
839 1621 1060 1684 primitus
1084 1622 1265 1669 invasit.
1292 1625 1443 1672 Porro
1466 1624 1573 1672 An-

157 1698 304 1762 glicus
330 1698 556 1744 Heraldus
575 1708 630 1743 ut
652 1697 1016 1763 Northwigenas
1035 1700 1081 1745 in
1098 1698 1317 1765 Angliam
1334 1701 1574 1751 advenisse

158 1776 360 1833 audivit,
395 1777 639 1840 Hastingas
671 1786 717 1822 et
746 1776 1123 1835 Penevesellum,
1164 1778 1374 1844 aliosque
1405 1792 1573 1843 portus

158 1854 299 1899 maris
329 1854 560 1900 Neustriae
596 1853 865 1917 oppositos,
892 1872 1011 1918 quos
1037 1865 1141 1902 toto
1175 1874 1303 1903 anno
1343 1857 1425 1904 illo
1463 1876 1573 1907 cum

158 1932 321 1977 multis
346 1931 543 1977 navibus
561 1943 607 1977 et
621 1930 852 1977 militibus
872 1932 1035 1979 callide
1054 1944 1333 1992 servaverat,
1350 1935 1570 2000 reliquit,

160 2020 207 2056 et
239 2009 698 2073 Septentrionalibus
729 2009 1002 2057 adversariis
1030 2029 1087 2058 ex
1121 2012 1382 2076 improviso
1415 2032 1574 2062 emer-

160 2086 380 2151 gentibus
416 2086 696 2133 festinanter
732 2103 842 2133 cum
879 2089 1091 2135 exercitu
1115 2091 1308 2154 copioso
1339 2093 1568 2140 occurrit.

161 2163 339 2210 Deinde
358 2182 513 2229 pugna
534 2164 775 2229 utrimque
792 2166 1017 2212 acerrima
1032 2169 1277 2214 commissa
1298 2180 1389 2226 est,
1413 2171 1461 2216 in
1482 2189 1574 2236 qua

162 2241 335 2286 nimius
359 2242 543 2306 sanguis
569 2260 623 2288 ex
645 2254 845 2307 utraque
866 2254 999 2307 parte
1025 2245 1195 2292 effusus
1219 2257 1310 2303 est,
1339 2259 1385 2293 et
1422 2248 1574 2293 innu-

164 2317 400 2363 merabilis
417 2319 667 2366 hominum
679 2319 862 2367 bestiali
887 2321 1016 2369 rabie
1030 2323 1295 2370 furentium
1313 2325 1574 2372 multitudo

164 2394 393 2439 trucidata
414 2406 498 2441 est.
520 2398 734 2462 Denique
755 2399 1040 2447 instantibus
1062 2402 1226 2466 Anglis
1251 2403 1446 2449 victoria
1473 2421 1576 2451 ces-

166 2471 250 2528 sit,
282 2482 327 2515 et
352 2472 577 2518 Heraldus
606 2474 895 2522 Noricorum
925 2495 1007 2524 rex
1040 2496 1148 2524 cum
1172 2480 1366 2525 Tostico
1396 2490 1442 2526 et
1474 2499 1575 2529 om-

212 2633 261 2676 (1)
288 2632 384 2666 Lisez
404 2648 410 2665 ·.
434 2634 632 2679 Apat·ctia;
653 2641 729 2668 mot
743 2637 763 2668 a
780 2642 875 2677 mot,
897 2643 980 2670 vent
996 2637 1041 2672 de
1061 2637 1205 2673 l'ourse.
1227 2659 1268 2663 -
1288 2640 1392 2675 Cette
1410 2642 1572 2680 invasion

168 2686 266 2720 n'eut
283 2686 356 2721 lieu
374 2688 480 2734 qu'au
504 2689 594 2722 mois
612 2688 656 2722 de
674 2689 891 2734 septembre.
912 2691 963 2725 Ce
980 2692 1034 2725 fut
1051 2691 1083 2726 le
1100 2693 1155 2727 roi
1175 2693 1219 2728 de
1238 2694 1417 2744 Norwege
1433 2699 1496 2746 qui
1512 2712 1571 2734 ar-

169 2740 289 2774 rivale
308 2743 465 2787 premier
482 2746 498 2774 a
523 2743 794 2777 l’embouehure
809 2743 853 2779 de
875 2744 1065 2790 l'Hunber,
1086 2749 1133 2781 οὺ
1155 2748 1279 2783 Tostic
1305 2750 1381 2785 vint
1406 2751 1571 2789 d'Ecosse

171 2807 206 2827 se
222 2796 366 2839 joindre
385 2801 400 2829 ὴ
420 2797 481 2831 lui.
