1951 3194
108 277 244 327 [1075]
599 271 751 310 LIBER
783 269 1036 319 QUARTUS.
1443 270 1521 307 267

107 366 296 419 ceptum
321 353 442 417 regis
469 351 780 416 impedirent,
814 360 861 397 et
888 361 985 395 tam
1007 346 1159 395 nobili
1192 347 1521 410 compatriotae

105 450 188 479 suo
227 431 534 495 suffragantes
568 430 722 493 regios
760 429 952 475 lictores
987 425 1281 472 trucidarent
1317 445 1326 469 ε
1367 423 1523 488 Surge

107 510 369 575 (inquiunt
404 518 645 573 prostrato
684 506 903 567 comiti),
936 515 984 550 ut
1013 504 1167 550 nostri
1201 502 1523 567 compleamus

96 591 291 655 jassanz
317 588 518 635 domini.
548 584 732 646 Quibus
756 584 834 630 ille
863 584 928 630 ait
955 603 964 628 :
995 581 1259 647 Paulisper
1277 591 1526 646 expectate

95 676 299 733 propter·
351 663 687 730 omnipotentis
733 662 831 707 Dei
879 660 1179 706 clementiam
1193 697 1210 717 ,
1255 658 1426 705 saltem
1475 668 1525 704 ut

104 743 267 790 (licam
295 759 386 808 pro
415 758 488 788 me
520 751 562 787 et
587 757 678 804 pro
713 738 850 785 vobis
892 736 1172 783 Orationem
1194 736 1519 782 Dominz'cam.

104 821 199 866 Illis
227 831 384 866 autem
413 815 804 883 permittentibus
835 814 1069 873 surrexit,
1101 824 1148 860 et
1175 812 1307 859 flexis
1336 822 1524 858 tantum

102 898 300 963 genibus
317 933 332 956 ‚
357 896 601 960 oculisque
623 895 673 941 in
701 893 878 941 coelum
905 892 1009 940 fixis
1037 902 1084 939 et
1106 889 1326 937 manibus
1351 891 1521 947 tensis,

102 977 255 1021 Pater
286 985 446 1021 noster
477 974 561 1038 qui
597 991 645 1019 es
683 973 733 1018 in
765 971 928 1029 eoelz's,
967 970 1122 1034 palam
1162 968 1318 1016 dicere
1354 969 1520 1032 coepit.

103 1052 320 1116 Cumque
342 1051 399 1096 ad
423 1059 689 1097 extremum
720 1048 981 1112 capitulum
1005 1045 1321 1110 pervenisset,
1357 1055 1403 1092 et
1427 1065 1436 1090 ε
1466 1063 1526 1091 ne

103 1147 190 1175 nos
221 1129 427 1175 inducas
453 1130 504 1174 in
528 1128 837 1174 tentationem
859 1125 1076 1182 dixisset,
1109 1124 1276 1172 uberes
1298 1124 1523 1189 lacrymae

105 1224 212 1252 cum
236 1205 411 1270 ejulatu
434 1214 764 1269 proruperunt
781 1239 793 1260 ,
829 1204 1079 1268 ipsumque
1101 1220 1263 1266 preces
1292 1203 1525 1266 incoeptas

105 1283 387 1331 concludere
410 1301 510 1330 non
533 1284 872 1347 permiserunt.
895 1281 1120 1328 Carnifex
1142 1291 1300 1328 autem
1325 1281 1525 1327 ulterius

103 1362 367 1427 praestolari
409 1361 591 1418 noluit,
633 1360 712 1408 sed
745 1377 858 1407 mox
893 1369 1114 1423 exempto
1144 1359 1301 1424 gladio
1332 1359 1526 1406 fortiter

103 1439 277 1486 feriens
312 1448 453 1502 caput
488 1438 675 1485 comitis
710 1437 989 1501 amputavit.
1016 1437 1170 1483 Porro
1193 1446 1360 1500 caput,
1392 1447 1526 1500 post-

102 1536 247 1582 quam
274 1527 559 1581 praesectum
589 1516 709 1573 suit,
739 1515 923 1561 cunctis
953 1514 1036 1578 qui
1066 1513 1262 1560 aderant
1290 1513 1525 1560 audienti-

103 1594 217 1653 bus,
245 1595 366 1641 clara
391 1605 438 1641 et
468 1594 715 1641 articulata
738 1609 853 1640 voce
878 1591 998 1638 dixit
1024 1611 1034 1637 ε
1063 1591 1166 1638 Sed
1198 1591 1347 1638 libera
1376 1608 1463 1637 nos
1493 1609 1524 1637 α

105 1672 251 1719 malo.
274 1675 447 1718 Amen.
478 1671 553 1717 Sic
578 1669 833 1717 Guallevus
857 1685 1014 1716 comes
1036 1667 1162 1732 apud
1186 1669 1425 1716 Guentam
1450 1683 1526 1714 se-

106 1749 263 1797 cundo
286 1749 379 1796 kal.
408 1749 518 1796 maii
549 1766 686 1795 mane
710 1747 970 1795 decollatus
996 1756 1091 1803 est,
1129 1745 1290 1811 ibique
1318 1747 1367 1793 in
1402 1746 1524 1793 fossa

106 1845 276 1891 corpus
310 1829 407 1891 ejus
441 1827 601 1874 viliter
640 1828 908 1890 projectum
946 1834 1044 1881 est,
1090 1834 1136 1870 et
1172 1824 1312 1870 viridi
1351 1824 1525 1887 cespite

106 1904 387 1951 festinanter
410 1914 691 1968 coopertum
710 1912 796 1949 est.
822 1900 1150 1966 Expergefacti
1171 1901 1293 1948 cives
1313 1917 1525 1964 comper-

109 1983 166 2028 tis
191 1981 466 2029 rumoribus
485 1982 617 2028 valde
637 1980 906 2028 contristati
927 1989 1062 2036 sunt,
1083 1979 1270 2044 virique
1294 1996 1403 2024 cum
1421 1996 1524 2024 mu-

107 2060 302 2108 lieribus
340 2062 581 2124 ingentem
607 2060 852 2123 planctum
875 2057 933 2105 de
963 2075 1070 2104 casu
1093 2057 1309 2104 Guallevi
1337 2057 1524 2104 comitis

106 2147 322 2202 egerunt.
357 2138 468 2183 Post.
502 2135 777 2201 quindecim
809 2135 906 2181 dies
935 2145 1103 2198 rogatu
1135 2133 1299 2180 Judith
1329 2145 1375 2180 et
1410 2151 1524 2197 per-

105 2216 247 2261 missu
279 2215 427 2280 regiS‚
454 2214 720 2261 Ulfketelus
750 2213 1082 2260 Crulandensis
1114 2211 1255 2259 abbas
1286 2213 1442 2269 venit,
1477 2222 1523 2259 et

107 2292 298 2339 cadaver
329 2291 482 2357 (quod
509 2291 661 2338 adhuc
692 2292 934 2356 integrum
970 2308 1079 2337 cum
1109 2290 1289 2338 recenti
1322 2307 1518 2346 cruore,

103 2389 155 2417 ac
177 2370 210 2415 si
235 2380 348 2415 tunc
374 2369 498 2416 idem
514 2370 588 2415 vir
607 2369 817 2426 obiisset,
840 2370 958 2433 erat)
978 2369 1186 2426 sustulit,
1209 2385 1261 2414 ac
1280 2368 1327 2414 in
1349 2384 1521 2414 coeno—

103 2447 238 2493 bium
254 2447 570 2494 crulandense
585 2465 693 2493 cum
710 2464 883 2511 magno
900 2447 1034 2494 luctu
1050 2446 1316 2493 multorum
1327 2445 1520 2503 detulit,

104 2536 149 2571 et
175 2527 220 2572 in
247 2525 454 2587 capitulo
478 2524 820 2571 monachorum
853 2535 1128 2572 reverenter
1153 2523 1367 2587 sepelivit
1392 2525 1484 2587 (ι).

151 2667 198 2710 (1)
225 2667 367 2711 Voyez,
398 2676 460 2698 sur
488 2664 520 2697 le
546 2670 706 2697 meurtrc
739 2662 788 2696 du
818 2669 936 2696 cointe
964 2660 1173 2701 Walthe0s‚
1204 2660 1266 2707 qui
1296 2666 1358 2693 cut
1387 2658 1459 2693 lieu
1487 2659 1519 2693 lc

107 2724 143 2759 31
168 2727 236 2759 mai
262 2733 296 2760 et
321 2738 391 2759 non
414 2737 475 2771 pas
498 2724 529 2758 16
552 2722 594 2757 50
619 2722 705 2756 avril
733 2721 817 2768 1075
832 2750 839 2763 ⁷
866 2721 1041 2755 [histoire
1059 2719 1298 2765 d'lngulphc,
1322 2726 1357 2753 ct
1378 2718 1410 2753 le
1428 2719 1517 2752 recit

108 2784 251 2818 mmuh*
279 2802 282 2804 ·
314 2786 398 2818 l'z‘la
424 2791 457 2818 el
482 2785 604 2828 pamm
632 2781 799 2815 ll'aldewi
821 2783 971 2814 cmm‘liv.
994 2781 1244 2825 (Ulli-nmque<
1271 2779 1519 2824 Angloss'm-

110 2845 278 2881 ›tiatirlm,
304 2852 327 2879 1,
352 2857 394 2886 ¹¹3
419 2844 565 2881 Romen„
592 2843 720 2885 Friw,
748 2840 862 2885 183(5,)
