1951 3194
318 263 395 301 132
678 262 922 300 HISTORIA
951 261 1352 300 ECCLESIASTICA.
1454 263 1726 313 [1066-1089]

315 343 438 407 patri
464 359 549 389 suo
575 341 804 388 concessit
823 340 1062 387 ecclesiam
1081 340 1128 386 S.
1151 340 1347 386 Martini
1369 340 1425 388 de
1448 341 1611 387 Parnis
1629 341 1647 404 (
1661 341 1724 403 ι),

314 420 372 466 ad
394 437 534 485 quam
563 417 811 483 parrochia
846 418 1031 464 statutis
1061 416 1226 464 diebus
1264 416 1637 482 congregabatur
1671 417 1729 464 de

314 507 493 560 septem
510 494 828 559 adjacentibus
846 495 976 552 vicis,
990 506 1044 541 ut
1056 505 1164 541 vota
1179 512 1258 540 sua
1278 495 1377 541 Deo
1392 493 1660 550 redderent,
1679 503 1727 540 et

315 573 471 619 laudes
489 582 536 618 et
551 582 787 636 praecepta
799 572 883 619 Dei
899 583 951 617 ut
968 571 1100 618 decet
1114 571 1350 618 audirent.
1365 571 1428 618 At
1451 572 1527 618 ille
1541 572 1725 618 Maine-

313 650 441 695 rium
458 647 676 695 abbatem
701 649 929 695 accersiit.
960 650 1214 713 Postquam
1234 660 1391 695 autem
1409 647 1632 712 praefatus
1649 666 1725 712 pa-

316 737 386 773 ter
404 727 576 772 Parnas
600 725 812 782 advenit,
834 726 1054 773 Fulcoius
1077 736 1317 773 annuente
1335 725 1609 772 Wascelino
1627 724 1726 770 fra-

312 814 385 851 tre
408 823 492 853 suo
506 841 520 863 ,
545 807 719 852 Sancto
738 803 944 852 Ebrulfo
968 804 1207 851 ecclesiam
1233 804 1460 851 concessit
1485 814 1532 850 et
1560 820 1723 849 omnes

311 881 675 929 consuetudines
708 881 765 928 ad
799 882 945 946 ipsam
970 882 1210 929 ecclesiam
1239 882 1562 946 pertinenteS,
1594 891 1640 928 et
1673 881 1723 927 in

309 960 469 1008 eadem
491 960 599 1006 villa
625 971 799 1007 terram
825 960 966 1006 unius
996 961 1138 1005 aratri
1172 971 1218 1006 et
1253 958 1483 1006 decimam
1514 976 1722 1006 carrucae

307 1055 402 1083 suae
429 1047 476 1083 et
508 1036 709 1082 duarum
740 1036 1053 1099 possessiones
1072 1035 1328 1083 domorum
1355 1046 1402 1082 et
1433 1052 1586 1081 unum
1617 1052 1720 1082 mo-

308 1114 554 1162 lendinum
569 1150 583 1172 ,
612 1113 741 1179 quod
766 1114 1116 1163 Tollens-Viam
1139 1113 1519 1178 nuncupabatur.
1544 1112 1721 1160 Archi—

305 1193 606 1240 diaconatum
627 1209 843 1256 quoque,
864 1210 1005 1256 quem
1032 1193 1082 1237 in
1101 1191 1243 1238 feudo
1266 1190 1324 1236 ab
1348 1190 1719 1238 antecessoribus

304 1270 397 1315 suis
420 1269 476 1316 de
499 1268 853 1333 archiepiscopo
872 1269 1208 1333 Rotomagensi
1235 1267 1451 1325 tenebat,
1476 1267 1719 1315 monachis

303 1346 456 1403 dedit,
491 1358 536 1393 et
568 1346 863 1393 dominatum
902 1347 1120 1392 omnium
1153 1345 1421 1409 hospitum,
1447 1345 1529 1410 qui
1556 1346 1719 1391 Parnis

301 1424 560 1490 degebant,
590 1425 652 1470 ita
678 1423 923 1471 monachis
948 1424 1201 1479 concessit,
1228 1433 1282 1468 ut
1309 1423 1344 1468 si
1373 1423 1546 1469 eisdem
1573 1423 1720 1470 foris-

299 1504 536 1558 facerent,
566 1519 666 1548 non
699 1519 777 1548 eos
810 1520 895 1565 per
924 1501 1091 1548 domos
1127 1518 1317 1556 eorum,
1351 1499 1430 1546 sed
1462 1517 1546 1564 per
1572 1500 1719 1547 alium

300 1580 467 1626 fiscum
509 1579 770 1642 castigaret.
815 1579 1072 1624 Parnenses
1113 1588 1270 1624 autem
1311 1576 1616 1636 exultabant,
1661 1595 1717 1625 eo

300 1656 429 1722 quod
455 1654 699 1702 monachis
724 1654 1065 1712 subderentur,
1094 1664 1332 1719 sperantes
1355 1664 1409 1699 ut
1438 1672 1606 1701 eorum
1627 1673 1718 1719 pa—

302 1734 509 1782 trocinio
532 1744 697 1780 contra
724 1733 1067 1780 collimitaneos
1096 1733 1401 1781 Normannos
1425 1743 1713 1790 tutarentur,

299 1828 507 1876 quorum
530 1809 914 1857 infestationibus
931 1810 1208 1875 frequenter
1219 1809 1527 1857 vexabantur.
1548 1811 1719 1857 Succe-

301 1889 431 1936 denti
451 1905 642 1953 quoque
664 1899 895 1951 tempore,
917 1888 1031 1935 dum
1051 1888 1329 1935 Goisbertus
1348 1887 1555 1935 medicus
1573 1887 1719 1935 habe-

301 1979 376 2014 ret
393 1968 684 2032 prioratum,
711 1967 932 2015 Fulcoius
960 1978 1012 2014 ut
1035 1985 1154 2014 nova
1177 1966 1364 2013 basilica
1394 1965 1715 2023 inchoaretur,

304 2058 460 2093 totum
504 2044 633 2092 dedit
675 2046 979 2092 cimiterium.
1023 2047 1159 2092 Tunc
1199 2044 1565 2092 fundamentum
1604 2045 1717 2092 novi

304 2123 460 2187 operis
498 2123 766 2185 incoeptum
802 2134 868 2168 est
885 2158 897 2179 ,
935 2122 1063 2188 quod
1101 2141 1218 2186 opus
1257 2122 1474 2187 plurimis
1515 2121 1718 2185 impedi-

307 2200 479 2246 mentis
498 2216 583 2262 per
601 2215 750 2245 XXXIV
766 2216 914 2245 annos
942 2199 1350 2254 incumbentibus,
1372 2198 1588 2244 nondum
1607 2215 1719 2245 con-

306 2287 596 2324 summatum
619 2287 687 2323 est
710 2276 798 2339 (2).
825 2277 1054 2324 Praefatus
1080 2278 1206 2325 enim
1233 2277 1367 2323 miles
1391 2287 1489 2323 erat
1511 2276 1649 2323 fortis
1672 2287 1719 2323 et

353 2462 406 2502 (1)
428 2460 576 2501 Parnes,
598 2459 681 2504 pres
699 2458 1113 2506 Saint—Clair-sur-Epte.

353 2520 403 2564 (9.)
429 2519 526 2553 C'est
542 2531 593 2552 un
611 2518 906 2565 renseigncment
923 2519 996 2554 sort
1022 2520 1223 2566 important
1240 2532 1333 2565 pour
1351 2519 1527 2553 l'histoire
1546 2518 1591 2551 dc
1614 2518 1712 2562 Part,

307 2591 378 2625 que
398 2577 429 2610 la
447 2577 528 2611 date
546 2577 590 2611 dc
609 2577 639 2610 la
661 2578 909 2611 construction
933 2577 978 2612 (le
1003 2585 1095 2613 cette
1113 2577 1223 2625 eglise
1249 2576 1510 2624 rcmarquable.
1533 2575 1593 2610 On
1610 2589 1632 2621 y
1651 2576 1714 2611 ob-

310 2649 427 2679 serve,
458 2637 547 2670 ainsi
573 2638 655 2684 qu'il
683 2637 1116 2684 Saint-Clair-Siir-Epte,
1139 2638 1170 2672 la
1194 2638 1458 2678 cii-constance,
1482 2635 1554 2669 tres
1572 2647 1651 2669 rare
1670 2649 1716 2670 cn

313 2695 550 2738 Nor-mandie,
572 2695 680 2730 d’une
699 2695 822 2730 abside
841 2696 971 2731 &tablic
994 2709 1056 2731 sui·
1071 2710 1118 2730 un
1138 2696 1220 2743 plan
1240 2696 1417 2742 polygonc
1430 2721 1438 2736 ,
1461 2700 1496 2727 et
1514 2705 1584 2727 non
1607 2695 1714 2728 semi-

308 2753 512 2789 circulati-0,
533 2755 672 2787 suivant
692 2755 723 2788 le
742 2762 825 2801 tvpe
846 2755 1019 2789 liabituel.
