1951 3194
418 284 467 321 28
719 281 961 321 HISTORIA
993 281 1394 321 ECCLESIASTICA.
1439 284 1828 336 [cmcix1040-1060]

417 360 700 407 Willermus
725 361 995 407 Talavacius
1028 371 1240 424 ceperat,
1279 379 1366 408 nec
1401 364 1527 410 exire
1558 364 1614 410 de
1647 382 1831 412 carcere

417 437 727 502 permittebat
745 473 758 495 ,
810 438 899 483 nisi
941 437 1225 500 praedictum
1265 438 1548 503 dejiceretur
1590 451 1793 488 castrum
1816 477 1827 498 ‚

419 516 549 581 quod
575 515 706 563 valde
733 515 986 562 metuebat.
1015 520 1270 581 Postquam
1295 528 1453 564 autem
1479 518 1756 567 Goisfredus
1776 520 1832 567 de

419 594 621 641 vinculis
641 594 875 640 Talavacii
901 594 1067 652 evasit,
1095 594 1334 642 Geroiano
1359 594 1528 644 baroni
1551 615 1641 660 pro
1668 615 1832 663 magna

419 672 512 718 fide
526 690 669 736 quam
686 672 734 718 in
748 689 802 719 eo
818 683 1075 736 repererat,
1094 684 1299 718 castrum
1312 674 1459 719 sancti
1474 674 1679 721 Serenici
1696 693 1835 739 super

421 751 606 796 Sartam
631 750 672 796 ei
696 751 863 797 erexit.
890 751 1041 797 Multa
1066 768 1252 815 possem
1275 751 1332 798 de
1349 752 1607 799 Willermo
1628 752 1830 808 referre,

420 827 499 873 secl
533 827 643 891 quia
666 826 885 891 pluribus
915 845 1126 892 occupor
1149 828 1274 874 curis
1290 864 1303 886 ,
1334 846 1479 893 cogor
1507 829 1565 875 ad
1593 829 1679 875 alia
1708 839 1834 875 tran-

420 905 528 951 sire.
551 905 620 952 De
643 904 737 951 fine
759 922 874 952 vero
898 907 993 969 ejus
1016 906 1154 952 latius
1175 906 1224 951 in
1239 906 1546 970 sequentibus
1562 907 1828 954 edisseram.

418 981 560 1028 Nunc
576 981 632 1028 de
648 982 876 1029 fratribus
896 985 993 1047 eJ'us
1012 984 1084 1047 (ut
1102 1001 1240 1047 supra
1257 983 1482 1048 promisi)
1501 984 1833 1048 compendiose

419 1059 650 1124 detegam.

484 1137 706 1185 Fulcoius
719 1174 732 1195 ,
755 1140 837 1204 qui
860 1141 1026 1186 tertius
1045 1150 1162 1198 erat,
1184 1139 1484 1187 medietatem
1506 1141 1833 1188 Monasterioli

417 1215 602 1274 habuit,
623 1218 836 1282 duosque
852 1218 990 1276 filios,
1008 1219 1239 1266 Geroium
1250 1229 1295 1265 et
1309 1218 1578 1275 Fulcoium,
1595 1236 1651 1265 ex
1662 1236 1835 1266 concu-

419 1293 531 1340 bina
547 1296 832 1357 procreavitw
853 1297 955 1359 Ipse
977 1306 1085 1360 post
1104 1306 1311 1342 mortem
1330 1294 1560 1342 Rodberti
1577 1295 1707 1341 ducis
1726 1313 1834 1340 cum

419 1382 662 1435 compatre
694 1390 779 1419 suo
814 1372 1083 1420 Gisleberto
1112 1374 1309 1431 comite,
1334 1390 1476 1437 quem
1509 1371 1830 1429 conducebat,

419 1449 599 1495 occisus
627 1460 711 1497 est.
753 1450 1013 1497 Rotbertus
1041 1461 1248 1497 castrum
1275 1455 1320 1496 S.
1352 1451 1559 1498 Serenici
1599 1468 1707 1496 cum
1742 1451 1836 1496 cir-

419 1529 711 1590 cumjacente
753 1529 997 1592 provincia
1038 1528 1120 1574 diu
1158 1529 1314 1575 tenuit
1331 1564 1343 1584 ,
1385 1529 1522 1592 eique
1554 1528 1835 1575 WVillermus

419 1604 515 1650 dux
534 1603 807 1652 Adelaidem
826 1605 1164 1652 consobrinam
1179 1623 1311 1651 suam
1333 1606 1381 1651 in
1400 1606 1673 1670 conjugium
1685 1605 1831 1665 dedit,

419 1698 474 1727 ex
494 1700 584 1747 qua
606 1681 759 1728 filium
783 1683 979 1729 nomine
1001 1683 1300 1730 Rodbertum
1326 1684 1437 1748 (qui
1469 1700 1597 1729 nunc
1626 1683 1834 1730 Henrico

418 1759 517 1824 regi
543 1758 810 1824 Anglorum
836 1760 1034 1823 militat)
1060 1761 1344 1825 procreavit.
1368 1762 1546 1809 Verum
1575 1771 1683 1825 post
1707 1761 1834 1806 mul-

419 1847 487 1882 tas
506 1838 837 1903 mirandasque
857 1837 1134 1901 probitates,
1155 1856 1268 1903 quas
1287 1838 1449 1902 gessit,
1472 1839 1653 1903 magnis
1673 1838 1834 1884 simul-

418 1915 595 1961 tatibus
621 1917 739 1962 ortis
767 1917 892 1963 inter
916 1916 1220 1964 Normannos
1245 1926 1291 1963 et
1314 1916 1697 1981 Andegavenses,
1732 1933 1834 1961 cas-

418 2002 549 2038 trum
565 1993 712 2038 sancti
730 1994 937 2040 Serenici
953 2003 1118 2040 contra
1134 1992 1443 2040 Willermum
1462 1993 1630 2039 ducem
1650 1992 1805 2040 tenuit
1817 2028 1829 2048 ,

420 2071 582 2136 ibique
607 2089 734 2118 anno
757 2072 953 2117 ducatus
977 2072 1182 2136 ejusdem
1200 2071 1329 2118 ducis
1352 2078 1474 2120 xxv⁰
1497 2071 1710 2119 obsessus
1735 2081 1827 2127 est,

416 2166 658 2213 pomoque
690 2160 949 2206 venenato,
990 2149 1119 2214 quod
1153 2152 1342 2215 conjugi
1374 2168 1468 2197 suae
1502 2151 1546 2196 vi
1581 2160 1828 2213 rapuerat,

419 2238 655 2284 comesto,
701 2238 810 2291 post
850 2228 1064 2292 quinque
1098 2227 1194 2274 dies
1232 2239 1450 2275 mortuus
1484 2237 1568 2274 est.
1605 2226 1832 2273 Radulfus

419 2314 578 2350 autem
596 2304 793 2368 quintus
819 2304 963 2350 frater
989 2305 1194 2351 Clericus
1220 2304 1581 2369 cognominatus
1604 2313 1698 2357 est,
1722 2304 1831 2367 quia

417 2382 584 2446 peritia
607 2382 872 2428 litterarum
891 2418 902 2436 ‚
926 2382 1219 2447 aliarumque
1236 2384 1412 2428 artium
1429 2382 1641 2446 apprime
1670 2380 1831 2427 imbu-

417 2471 492 2506 tus
523 2470 607 2506 est.
642 2461 729 2506 Hic
765 2471 812 2507 et
841 2461 1176 2507 Mala-Corona
1212 2459 1487 2516 vocabatur,
1523 2477 1579 2506 eo
1613 2458 1744 2524 quod
1780 2459 1828 2504 in

411 2540 662 2601 juventute
687 2556 763 2584 sua
796 2537 1083 2585 militaribus
1113 2539 1346 2585 exercitiis
1376 2550 1423 2586 et
1454 2535 1722 2585 levitatibus
1753 2535 1831 2583 de-

419 2616 677 2663 timebatur.
717 2617 845 2663 Artis
880 2617 1126 2664 medicinae
1162 2618 1471 2681 peritissimus
1506 2616 1622 2672 fuit,
1654 2615 1831 2660 multa—

421 2712 620 2758 rumque
651 2713 813 2742 rerum
849 2695 1084 2759 profunda
1113 2707 1314 2752 secreta,
1350 2696 1474 2742 unde
1507 2711 1638 2741 senes
1670 2692 1828 2739 liberis

416 2781 461 2816 rt
487 2773 740 2834 nepotibus
776 2774 866 2820 suis
902 2774 1050 2821 adhuc
1084 2793 1171 2838 pro
1202 2775 1512 2822 admiratione
1540 2773 1823 2836 loquuntur,
