1951 3194
195 251 333 297 {1063}
690 247 841 285 LIBER
872 247 1107 285 TERTws.
1535 252 1596 285 101

194 326 436 390 panditur,
457 337 503 373 et
523 326 791 389 deprecatio
814 326 944 389 prius
963 342 1052 389 pro
1071 325 1323 382 defunctis,
1342 335 1500 388 postea
1517 343 1605 388 pro

193 405 310 450 vivis
336 404 611 469 parentibus
635 415 681 451 et
710 404 1121 459 benefactoribus,
1149 404 1426 467 cunctisque
1451 403 1606 450 fideli-

194 482 282 528 bus
314 485 412 530 Deo
443 482 644 529 fideliter
669 483 887 529 offertur.
921 483 1057 528 Missa
1087 500 1199 529 vero
1229 482 1520 528 matutinalis
1548 482 1606 528 ab

193 559 360 606 abbate
380 559 630 607 celebriter
649 560 852 615 canitur,
872 576 979 604 cum
995 577 1093 623 quo
1109 561 1297 605 sacratis
1318 559 1607 606 indumentis

191 657 355 685 omnes
376 639 580 684 ministri
604 638 940 684 revestiuntur.
963 636 1038 682 Ab
1058 638 1429 702 eleemosynario
1447 648 1606 683 autem

193 725 264 762 tot
284 733 507 779 pauperes
523 750 535 771 ,
559 726 678 778 quot
698 713 917 760 monachi
939 724 1075 769 sunt,
1102 715 1194 778 ipsa
1214 715 1289 761 die
1307 716 1354 760 in
1377 714 1605 762 coenobio

191 793 502 856 colliguntur,
538 802 585 838 et
618 792 665 837 in
703 790 1002 838 xenodochio
1030 810 1150 855 pane
1180 803 1226 839 et
1257 803 1376 856 potu
1413 810 1604 857 unoque

189 871 393 935 generali
418 871 700 916 sufficienter
723 888 746 915 a
771 869 1013 916 cellarario
1037 879 1313 932 pascuntur,
1340 880 1386 915 et
1401 881 1508 932 post
1529 888 1604 916 ca-

190 949 394 1011 pitulum
414 947 472 994 ab
490 949 621 994 omni
648 957 887 994 conventu
908 947 1179 994 mandatum
1203 965 1465 1012 pauperum
1483 948 1604 993 sicut

189 1026 237 1071 in
263 1043 397 1071 coena
420 1026 614 1072 Domini
644 1027 903 1089 peragitur.
930 1026 1032 1071 Hoc
1056 1025 1175 1071 sicut
1198 1024 1438 1072 Osbernus
1462 1025 1603 1071 abbas

188 1103 453 1159 constituit,
475 1103 710 1148 Uticensis
730 1102 921 1149 ecclesia
942 1119 1087 1166 usque
1107 1103 1153 1147 in
1178 1102 1461 1148 hodiernum
1477 1101 1602 1149 diem

187 1179 437 1242 vigilanter
454 1178 683 1234 custodit,
706 1188 752 1223 et
771 1177 1152 1240 Nogionensibus
1168 1180 1238 1241 (ι)
1254 1190 1395 1243 atque
1415 1179 1604 1226 Balche-

188 1255 404 1302 rensibus
425 1256 515 1318 (2),
538 1256 730 1319 aliisque
748 1255 1023 1319 sequacibus
1039 1256 1131 1300 suis
1150 1255 1371 1302 ardenter
1388 1256 1597 1301 tradidit.

256 1334 388 1396 Saepe
409 1333 681 1378 nominatus
699 1333 866 1379 virDei
886 1350 1129 1396 pauperes,
1149 1342 1201 1378 ut
1221 1351 1358 1396 supra
1377 1333 1598 1387 diximus,

187 1419 234 1455 et
256 1419 459 1472 aegrotos
483 1408 612 1455 valde
643 1408 858 1465 amabat,
889 1420 935 1455 et
960 1426 1125 1455 eorum
1156 1408 1412 1472 indigendo
1439 1419 1486 1455 et
1516 1427 1602 1456 ne—

187 1487 376 1532 cessaria
418 1486 661 1550 largiendo
705 1485 1030 1532 subveniebat.
1074 1486 1211 1532 Unde
1256 1487 1507 1532 constituit
1549 1499 1601 1532 ut

186 1575 362 1628 septem
389 1565 557 1627 leprosi
582 1582 670 1628 pro
695 1581 855 1610 amore
880 1564 962 1610 Dei
988 1564 1264 1627 perenniter
1286 1562 1345 1608 ab
1370 1564 1600 1610 Uticensi-

185 1642 272 1688 bus
313 1642 569 1698 alerentur,
611 1643 769 1706 eisque
807 1642 864 1689 de
904 1642 1096 1689 cellario
1133 1641 1338 1687 fratrum
1380 1643 1514 1706 panis
1555 1653 1599 1688 et

184 1731 322 1785 potus
347 1731 526 1784 septem
549 1720 896 1767 monachorum
922 1718 1138 1784 quotidie
1161 1719 1432 1783 largiretur.
1459 1719 1598 1779 Quod

182 1801 279 1862 ipse
311 1808 356 1844 et
389 1798 643 1844 Mainerius
673 1813 911 1843 successor
946 1799 1043 1860 ejus
1074 1794 1280 1842 libenter
1308 1806 1593 1851 tenuerunt,

182 1874 406 1939 quamdiu
430 1875 477 1920 in
503 1875 731 1939 regimine
749 1874 912 1920 vitales
937 1891 1069 1918 auras
1092 1872 1364 1919 hauserunt.
1388 1873 1476 1919 Sed
1497 1873 1597 1920 haec

183 1971 207 1997 a
227 1952 423 1998 Serlone
446 1970 708 1999 successore
726 1969 916 2008 eorum,
940 1962 1085 2014 prout
1102 1950 1321 1996 voluntas
1345 1949 1596 1996 hominum

184 2031 408 2086 variatur,
446 2030 725 2076 constitutio
759 2040 916 2093 postea
943 2038 1118 2074 mutata
1145 2038 1240 2084 est,
1270 2028 1539 2092 iterumque
1571 2047 1594 2074 a

186 2108 414 2171 Rogerio,
443 2107 522 2171 qui
549 2106 767 2152 successit
790 2106 852 2152 eis
869 2142 879 2161 ‚
911 2106 1144 2151 ternarius
1168 2104 1472 2151 infirmorum
1499 2123 1593 2151 nu-

184 2202 342 2230 merus
368 2186 415 2230 in
444 2185 639 2230 nomine
663 2184 856 2230 Domini
883 2183 1167 2229 reformatus
1191 2192 1276 2228 est.

249 2261 370 2308 VIII.
381 2261 523 2308 Anno
537 2261 594 2307 ab
611 2262 934 2307 incarnatione
945 2260 1139 2307 Domini
1153 2269 1335 2319 MLX1v0,
1348 2270 1455 2323 post
1470 2277 1596 2305 mor-

188 2349 279 2384 tem
296 2338 709 2401 I‘Ierbertijuvenis
724 2338 1150 2384 Cenomanensium
1166 2337 1351 2383 comitis
1363 2338 1450 2398 (5),
1468 2337 1550 2381 Wi
1562 2337 1595 2380 l-

231 2501 280 2544 (1)
297 2500 359 2533 Les
371 2498 508 2531 moines
520 2497 564 2531 de
575 2498 969 2543 Noyoxrsur-Audelle,
981 2496 1215 2543 anjourd'hui
1228 2494 1431 2536 Charleval,
1446 2495 1592 2541 prieur(-

185 2559 231 2593 de
244 2549 525 2593 Saint—Evroult.

233 2618 282 2662 (a)
307 2618 369 2651 Les
397 2616 536 2649 moines
562 2614 606 2649 de
636 2615 923 2660 Saint-Georges
953 2613 998 2648 de
1024 2612 1269 2653 Boeben-ville,
1293 2611 1427 2657 abbaye
1458 2612 1527 2645 fillo
1547 2612 1589 2646 (le

182 2668 478 2718 .Sai1]t—Ev1'oult,
501 2675 615 2709 situec
634 2677 653 2708 a
670 2674 763 2708 deux
780 2674 889 2707 lienes
907 2673 951 2707 (le
975 2673 1114 2707 Rouen.

232 2732 282 2775 (5)
309 2734 463 2768 Herbert
484 2734 537 2777 ll,
557 2739 673 2768 comte
689 2732 737 2765 du
754 2731 873 2766 Maiae
898 2734 908 2773 (
928 2730 1158 2775 1051-10622).
1185 2731 1382 2765 L’invasion
1402 2730 1450 2764 «lu
1473 2731 1586 2763 mino
