1951 3194
423 247 500 286 432
786 244 1026 283 His'somA
1058 244 1457 285 ECCLESIASTICA.

424 324 684 389 subegerat.
708 325 827 387 Ipse,
846 340 954 369 cum
970 323 1197 369 fratribus
1211 325 1322 380 suis,
1341 325 1623 390 advenisque
1641 343 1826 391 compa-

425 403 603 458 triotis,
634 399 968 463 Apuliensibus
991 400 1172 447 colonis
1195 400 1387 448 fortiter
1418 402 1746 460 incumbebat,
1781 413 1827 450 et

426 479 670 543 insperatis
693 476 834 524 rebus
868 478 1115 542 magnifice
1149 478 1372 541 peractis,
1409 478 1623 525 affinibus
1647 481 1828 526 eunetis

424 556 679 612 eminebat,
700 555 958 620 multisque
972 555 1147 601 divitiis
1164 555 1390 620 locuples,
1415 557 1698 604 incessanter
1713 558 1828 605 fines

426 652 532 681 suos
567 632 807 679 dilatabat.
835 632 1137 680 Willelmum
1172 645 1329 680 autem
1363 634 1532 681 Pantol
1569 634 1830 683 honorifice

425 713 651 776 suscepit,
682 723 729 759 et
747 712 895 757 multa
921 712 963 758 ei
991 712 1299 776 promittens,
1325 712 1478 776 ipsum
1502 724 1698 777 propter
1720 731 1831 777 pro-

428 790 624 836 bitatem
646 807 777 836 suam
796 789 1000 836 retinere
1019 806 1176 835 secum
1196 789 1377 853 sategit.
1405 791 1458 835 In
1475 789 1550 836 die
1571 789 1758 836 Paschae
1776 790 1833 837 ad

427 867 678 932 prandium
696 866 897 914 residere
907 869 1040 930 juxta
1057 884 1103 913 se
1119 868 1270 930 ipsum
1284 867 1415 923 fecit,
1435 879 1480 914 et
1495 879 1586 915 tres
1603 869 1830 925 civitates,

429 946 464 990 si
489 961 646 991 secum
670 954 936 990 remaneret
961 943 1009 988 in
1034 943 1190 999 ltalia,
1217 943 1284 988 illi
1306 944 1576 1008 spopondit.

493 1022 692 1069 Interim
720 1020 909 1067 Mabilia
934 1021 1169 1067 comitissa
1196 1038 1426 1068 mucrone
1452 1022 1648 1069 animosi
1671 1023 1835 1068 militis

431 1100 644 1163 Hugonis
661 1098 717 1144 de
733 1097 912 1161 Jalgeio
929 1106 1169 1161 perempta
1184 1098 1282 1160 est(
1297 1116 1303 1142 ι
1317 1097 1364 1160 );
1387 1097 1449 1144 ob
1466 1100 1594 1162 cujus
1613 1098 1836 1146 interfec-

432 1178 643 1234 tionem,
676 1192 884 1240 regresso
913 1174 970 1221 de
999 1174 1167 1238 Apulia
1194 1174 1442 1222 Willelmo
1466 1176 1636 1223 Pantol
1669 1193 1835 1240 magna

432 1252 678 1300 tribulatio
707 1263 869 1299 exorta
893 1262 978 1299 est.
1012 1252 1133 1298 Nam
1156 1252 1337 1299 crimen
1363 1252 1403 1299 ei
1432 1251 1717 1316 proditionis
1748 1254 1838 1298 1111-

430 1331 732 1396 pingebatur,
761 1341 808 1377 et
835 1330 1138 1377 infestatione
1163 1329 1321 1376 hostili
1345 1331 1550 1394 graviter
1573 1350 1596 1376 a
1622 1331 1837 1395 pluribus

432 1408 614 1455 aemulis
654 1407 986 1472 impetebatur.
1025 1407 1221 1453 Praefata
1258 1426 1459 1473 namque
1500 1408 1672 1456 mulier
1705 1410 1839 1455 Pire-

434 1497 537 1532 tum
551 1485 622 1549 (2)
639 1495 862 1542 castrum,
884 1483 1141 1531 Guillelmo
1160 1484 1322 1530 datum
1340 1483 1618 1542 abstulerat3
1640 1503 1729 1550 pro
1747 1503 1837 1551 qua

435 1562 605 1626 injuria
629 1562 847 1625 pertinax
870 1560 1198 1608 malevolentia
1224 1560 1400 1608 diutius
1426 1562 1551 1609 inter
1570 1579 1648 1609 eos
1673 1562 1840 1609 inhor-

434 1650 611 1686 ruerat.
633 1639 770 1686 Unde
793 1637 1116 1702 suspicabatur
1138 1638 1268 1702 quod
1291 1638 1506 1702 praedicti
1535 1639 1699 1685 militis
1726 1656 1839 1686 con-

435 1718 539 1765 silio
580 1718 805 1781 perierit;
849 1717 1114 1780 praesertim
1153 1734 1261 1762 cum
1299 1716 1556 1764 Guillelmo
1592 1718 1842 1782 Hugonem

436 1812 604 1858 magna
632 1793 924 1839 familiaritas
957 1804 1003 1840 et
1036 1792 1199 1840 crebra
1236 1792 1490 1840 collocutio
1520 1794 1839 1856 conjunxerit.

438 1873 668 1936 Rogerius
694 1872 839 1936 igitur
862 1888 1017 1918 comes
1049 1881 1097 1918 et
1127 1871 1212 1917 filii
1246 1873 1342 1934 ejus
1371 1881 1517 1918 totam
1547 1882 1719 1918 terram
1747 1874 1843 1936 ejus

437 1950 686 1996 saisierunt
702 1985 716 2008 ,
744 1949 991 2013 ipsumque
1016 1948 1073 1994 ad
1093 1959 1298 1996 mortem
1319 1949 1628 2014 quaesierunt.
1649 1948 1844 1997 Guillel-

438 2046 542 2073 mus
566 2037 723 2073 autem
743 2037 789 2073 et
812 2044 935 2073 uxor
960 2029 1055 2090 ejus
1081 2044 1189 2072 cum
1217 2026 1325 2073 filiis
1354 2027 1445 2072 suis
1464 2027 1657 2073 Uticum
1677 2027 1844 2074 confu—

437 2116 632 2170 gerunt,
657 2104 817 2169 ibique
839 2103 922 2150 diu
944 2103 1031 2150 sub
1055 2105 1352 2168 protectione
1372 2105 1715 2152 monachorum
1734 2123 1843 2152 cum

440 2201 611 2248 magno
638 2183 810 2230 timore
841 2183 1071 2229 demorati
1107 2193 1233 2229 sunt.
1261 2183 1488 2230 Praefatus
1522 2201 1660 2248 eques
1691 2183 1842 2247 objec-

441 2273 543 2307 tum
566 2261 747 2307 facinus
770 2259 988 2306 audacter
1011 2260 1292 2325 denegabat3
1323 2261 1400 2307 sed
1423 2260 1581 2306 nullus
1610 2279 1718 2308 eum
1745 2278 1843 2308 cer-

440 2340 497 2384 tis
522 2338 706 2385 indiciis
731 2336 1097 2401 comprobabat,
1126 2355 1213 2384 1166
1236 2336 1487 2402 abneganti
1513 2338 1659 2384 scelus
1677 2374 1690 2395 ‚
1717 2355 1842 2385 sese-

440 2434 532 2480 que
570 2415 779 2479 legaliter
810 2432 1009 2479 purgare
1048 2415 1225 2462 volenti
1261 2415 1603 2479 adquiescebat.
1633 2415 1842 2462 Tandem

442 2561 562 2602 inbre,
584 2559 609 2593 il
631 2566 683 2593 est
703 2560 787 2594 bien
805 2559 976 2606 probable
995 2560 1082 2607 qu'il
1102 2560 1253 2595 n'arriva
1277 2561 1365 2594 (lans
1391 2561 1422 2595 le
1449 2572 1618 2606 royaume
1644 2560 1688 2595 de
1713 2559 1844 2606 Naples

442 2621 548 2665 ‹lu'en
572 2620 670 2667 1078.

489 2681 538 2722 (ι)
565 2680 610 2713 Le
628 2679 647 2713 5
670 2679 861 2713 decembre
885 2679 980 2714 1082.
1007 2680 1123 2725 Voyez
1143 2678 1337 2718 ci—dessus,
1360 2692 1394 2724 p.
1419 2682 1497 2720 4'11·

490 2740 537 2778 (w.)
563 2738 663 2771 Pvrai
683 2752 726 2772 en
746 2738 936 2779 Summis,
960 2746 1061 2774 entre
1080 2739 1233 2772 Mamers
1249 2744 1279 2773 61
1300 2736 1530 2772 116111161311113Δ
