1951 3194
596 244 748 283 LIBER
778 243 1019 292 QUINTUS.
1450 246 1526 284 327

115 320 229 368 cedo
254 321 360 369 fidei
386 323 522 369 novis
550 322 845 370 auditoribus
869 323 1076 370 multum
1102 323 1330 388 placeret,
1361 324 1526 372 dolens

113 397 326 447 diabolus
358 399 621 447 Eufrasiam
660 401 792 448 Lucii
831 400 977 446 filiam
1013 418 1180 448 vexare
1209 401 1359 465 coepit
1399 412 1446 448 et
1476 403 1525 448 in

115 477 272 541 ignem
293 476 478 541 dejecit.
507 477 624 538 Quae
649 477 807 522 statim
827 487 1015 524 mortua
1042 487 1135 532 est;
1162 477 1241 525 sed
1257 478 1399 542 paulo
1420 489 1528 542 post

113 564 280 601 orante
304 555 521 600 Taurino
550 571 602 601 ac
629 551 829 616 jubente
859 563 913 598 ut
935 564 1229 618 resurgeret,
1258 554 1307 601 in
1331 556 1527 602 nomine

112 630 305 678 Domini
323 631 593 677 resuscitata
613 639 698 676 est.
717 629 914 676 Nullum
934 630 982 675 in
998 647 1048 677 ea
1064 631 1252 695 signum
1267 631 1528 679 adustionis

112 709 346 771 apparuit.
367 708 541 757 Omnes
561 707 707 771 igitur
727 705 817 753 hoc
835 707 1118 753 miraculum
1137 708 1349 756 videntes
1367 708 1528 757 subito

114 787 266 832 territi
288 795 416 843 sunt,
440 796 487 832 et
505 785 907 849 obstupescenteS‚
926 785 973 831 in
989 786 1015 831 J
1018 802 1148 832 esum
1166 784 1407 833 Christum
1426 805 1527 836 cre-

111 864 352 911 diderunt.
381 865 434 909 In
456 863 531 909 illa
551 863 627 910 die
648 880 744 910 cxx
769 863 984 910 homines
1007 863 1234 927 baptizati
1255 876 1388 922 sunt,
1416 877 1528 914 octo

110 941 220 986 caeci
247 940 499 986 illuminati
527 950 573 987 et
594 951 803 1005 quatuor
826 941 946 986 muti
969 942 1142 998 sanati,
1168 941 1341 1006 aliique
1368 943 1526 1006 plures

108 1035 163 1064 ex
175 1017 368 1064 diversis
382 1016 741 1064 infirmitatibus
756 1018 805 1064 in
820 1018 1015 1064 nomine
1028 1018 1222 1065 Domini
1237 1029 1348 1065 sunt
1360 1021 1526 1066 curati.

172 1095 353 1142 Deinde
379 1096 616 1141 Taurinus
640 1095 806 1141 fanum
830 1095 992 1141 Dianee
1019 1097 1239 1153 intravit,
1270 1096 1526 1143 Zabulum-

129 1190 200 1237 lue
225 1190 386 1219 coram
409 1173 589 1236 populo
608 1172 843 1219 visibilem
867 1184 1014 1219 astare
1040 1174 1089 1219 in
1112 1174 1290 1221 virtute
1314 1175 1397 1221 Dei
1420 1193 1525 1222 coe-

107 1252 199 1315 git;
229 1268 326 1316 quo
349 1251 449 1297 viso
473 1250 676 1296 Ethnica
702 1250 834 1314 plebs
858 1250 990 1297 valde
1020 1251 1192 1297 timuit.
1220 1251 1342 1297 Nam
1371 1254 1526 1298 mani-

108 1330 223 1376 feste
256 1330 474 1393 apparuit
510 1330 574 1375 eis
599 1329 819 1392 AEthiops
854 1330 989 1393 niger
1023 1341 1077 1375 ut
1108 1329 1292 1393 fidigo,
1328 1330 1525 1378 barbam

110 1407 284 1454 habens
308 1408 570 1471 prolixam,
603 1418 650 1454 et
676 1407 900 1453 scintillas
926 1408 1081 1472 igneas
1110 1426 1167 1454 ex
1191 1426 1275 1455 ore
1310 1410 1521 1456 mittens.

107 1485 286 1532 Deinde
322 1485 513 1549 angelus
552 1485 747 1532 Domini
790 1483 1060 1548 splendidus
1098 1496 1151 1530 ut
1193 1486 1261 1531 sol
1298 1486 1486 1533 advenit
1506 1524 1519 1544 ‚

108 1563 384 1627 cunctisque
409 1561 713 1609 cernentibus
730 1598 740 1615 ‚
778 1562 927 1625 ligatis
950 1580 973 1607 a
1004 1563 1146 1609 dorso
1172 1562 1389 1609 manibus
1420 1564 1523 1611 dae—

107 1657 297 1687 monem
324 1638 536 1685 abduxit.
564 1641 618 1685 In
648 1639 723 1684 illa
749 1640 893 1702 igitur
921 1639 996 1685 die
1018 1638 1113 1685 duo
1137 1639 1285 1685 millia
1309 1641 1525 1687 virorum

107 1717 329 1780 bapfflzaffl
370 1727 591 1771 sunt‚‹ffi
628 1734 791 1763 onnnss
832 1717 1010 1762 infirnn
1052 1734 1141 1780 ope
1179 1717 1334 1763 dhuna
1374 1720 1525 1766 curan

107 1794 1520 1854 sunt.IiaeciDeodatustiufiasstetraan1vstfitet<wedafit,

108 1881 154 1917 et
168 1870 443 1933 baptizatus,
457 1871 798 1934 presbyterque
810 1870 975 1927 factus,
988 1870 1089 1916 haec
1105 1872 1333 1917 veraciter
1344 1874 1523 1936 scripto

109 1947 289 1994 retulit.
312 1948 449 1993 Tunc
468 1948 703 1992 Taurinus
724 1947 911 1992 foedum
930 1948 1092 1994 Dianae
1112 1947 1276 1993 fanum
1299 1949 1518 2007 intravit,

109 2024 381 2070 exorcismis
414 2034 460 2069 et
493 2023 790 2070 orationibus
826 2023 1131 2082 emundavit,
1166 2024 1360 2089 Deoque
1397 2036 1522 2073 tem-

109 2101 241 2164 plum
262 2102 310 2146 in
330 2100 512 2148 honore
532 2111 705 2147 sanctae
724 2101 805 2147 Dei
825 2103 1067 2164 genitricis
1085 2102 1247 2149 Mariae
1267 2103 1516 2152 dedicavit.

109 2177 287 2224 Deinde
312 2178 458 2241 coepit
486 2179 856 2242 circumquaque
890 2178 1011 2225 idola
1036 2180 1276 2227 destruere
1309 2193 1355 2228 et
1378 2183 1520 2231 eccle-

109 2255 193 2300 sias
217 2254 407 2303 Christo
432 2273 728 2313 consecrare,
759 2272 951 2302 omnem
975 2257 1217 2304 dioecesim
1242 2259 1517 2320 circumire,

110 2333 335 2380 canonice
355 2333 600 2390 ordinare,
631 2332 998 2396 hospitalitatem
1018 2335 1067 2381 in
1091 2335 1315 2383 omnibus
1340 2339 1521 2385 consti-

110 2420 261 2458 tuere.

176 2487 365 2534 Invidus
385 2488 524 2535 Satan
548 2499 620 2536 tot
639 2488 764 2537 bona
784 2489 946 2536 videns
968 2490 1147 2549 doluit,
1168 2492 1401 2558 variisque
1422 2512 1520 2543 ma-

110 2565 464 2614 chinationibus
488 2567 646 2614 virum
668 2567 750 2614 Dei
779 2566 948 2615 laedere
971 2569 1164 2634 sategit,
1192 2579 1239 2616 et
1265 2571 1441 2619 multos
1467 2572 1519 2620 in

111 2644 245 2690 illum
279 2644 564 2692 adversarios
598 2646 834 2693 excitavit.
868 2646 974 2697 Duo
1001 2648 1121 2711 magi
1153 2668 1163 2694 :
1191 2648 1447 2698 cambisses
1471 2661 1519 2699 et

111 2721 250 2768 Zaraa
275 2722 533 2771 sacerdotes
560 2723 721 2770 Dianae
746 2723 964 2781 fuerunt,
992 2726 1181 2790 visaque
1208 2729 1519 2776 conversione
