1951 3194
396 258 469 297 184
762 258 1005 296 HISTORIA
1037 256 1439 296 ECCLESIASTICA.
1671 261 1809 311 [1068]

392 354 718 403 quoscumque
741 346 964 401 poterant
982 352 1067 400 per
1087 352 1252 383 omnes
1271 335 1488 384 Albionis
1508 339 1738 387 terminos
1762 341 1811 386 in

392 416 549 464 hostes
588 415 707 462 clam
740 414 991 479 palamque
1020 413 1346 461 stimulabant.
1380 416 1458 462 Fit
1488 433 1544 463 ex
1579 434 1812 465 consensu

391 493 612 541 omnium
630 509 720 556 pro
740 490 1030 539 vendicanda
1049 490 1269 539 libertate
1289 492 1488 556 pristina
1508 511 1684 558 procax
1703 511 1815 542 con-

393 570 615 635 spiratio,
633 579 680 617 et
693 568 868 617 obnixa
888 579 1054 617 contra
1068 570 1373 617 Normannos
1387 573 1672 635 conjuratio.
1694 573 1815 621 Exo-

392 650 519 696 ritur
551 648 599 695 in
631 646 809 694 finibus
838 646 1309 695 Trans-Humbranis
1338 647 1591 696 vehemens
1618 660 1814 714 pertur-

390 727 541 773 batio.
587 723 805 773 Seditiosi
846 724 1024 791 sylvas,
1064 723 1285 789 paludes,
1334 726 1549 772 aestuaria
1588 736 1636 773 et
1674 725 1815 774 urbes

391 804 576 870 aliquot
617 804 666 850 in
714 804 1025 850 munimentis
1065 802 1258 851 habent.
1300 802 1612 851 Eboracensis
1653 805 1814 851 civitas

392 881 720 929 ardentissime
737 880 879 936 furit,
901 899 1043 946 quam
1063 882 1283 928 sanctitas
1303 881 1544 946 pontificis
1565 883 1635 929 sui
1656 882 1816 930 sedare

394 960 579 1025 nequit.
621 959 783 1005 Plures
824 959 873 1005 in
911 958 1225 1006 tabernaculis
1260 959 1598 1018 morabantur3
1641 961 1689 1008 in
1724 961 1816 1009 do-

392 1035 575 1094 mibus,
609 1054 669 1084 ne
696 1036 1056 1093 mollescerent,
1086 1039 1380 1101 requiescere
1405 1037 1813 1103 dedignabantur;

392 1114 521 1161 unde
547 1112 741 1178 quidam
766 1130 934 1161 eorum
960 1131 983 1160 a
1007 1112 1298 1160 Normannis
1325 1114 1538 1179 sylvatici
1566 1116 1816 1180 cognomi»

391 1191 648 1238 nabantur„

459 1271 559 1317 Rex
580 1271 725 1334 igitur
744 1286 947 1317 secessus
970 1270 1104 1334 regni
1132 1270 1460 1334 providentius
1483 1269 1814 1334 perlustravit,

394 1359 441 1396 et
474 1359 750 1413 opportuna
776 1349 879 1396 loca
912 1359 1078 1396 contra
1107 1349 1409 1397 excursiones
1440 1347 1652 1396 hostium
1686 1366 1819 1396 com-

393 1427 620 1474 munivit.
647 1427 942 1474 Munitiones
966 1428 1093 1474 enim
1120 1428 1255 1492 (quas
1277 1428 1461 1474 castella
1485 1426 1610 1474 Galli
1634 1445 1819 1474 nuncu-

391 1505 537 1569 pant)
565 1504 777 1569 Anglicis
807 1504 1067 1568 provinciis
1098 1505 1389 1568 paucissimae
1422 1504 1641 1561 fuerant;
1677 1514 1725 1551 et
1754 1503 1818 1551 ob

393 1581 485 1629 hoc
511 1580 685 1645 Angli,
722 1580 833 1628 licet
864 1580 1076 1628 bellicosi
1108 1580 1291 1627 fuerint
1324 1591 1372 1627 et
1403 1580 1623 1637 audaces,
1656 1581 1713 1628 ad
1742 1598 1819 1627 re-

394 1659 654 1707 sistendum
695 1670 852 1707 tamen
884 1659 1088 1705 inimicis
1121 1659 1378 1706 extiterant
1410 1658 1681 1707 debiliores.
1718 1660 1818 1706 Rex

394 1736 553 1800 itaque
571 1746 779 1782 castrum
797 1734 922 1799 apud
938 1734 1257 1782 Guarevicum
1277 1734 1492 1783 condidit
1512 1736 1612 1800 (1),
1632 1745 1679 1782 et
1697 1736 1820 1782 Hen-

393 1813 496 1859 rico
520 1813 714 1878 Rogerii
735 1811 792 1859 de
810 1812 1114 1859 Bellomonte
1135 1811 1235 1859 filio
1256 1814 1327 1876 (2)
1348 1812 1405 1858 ad
1425 1811 1707 1860 servandum
1727 1822 1821 1858 tra-

392 1889 531 1936 didit.
570 1890 709 1935 Tunc
747 1889 965 1935 Eduinus
1000 1899 1048 1936 et
1086 1889 1332 1936 Morcarus
1369 1906 1480 1935 cum
1519 1890 1613 1936 suis
1651 1906 1820 1952 anceps

392 1966 548 2030 praelii
581 1965 838 2012 discrimen
873 1964 1248 2030 perpendenteS‚
1287 1977 1334 2013 et
1358 1983 1522 2029 pacem
1557 1964 1684 2013 bello
1718 1982 1819 2013 non

394 2044 658 2108 incongrue
700 2054 1037 2108 praeponentes
1076 2044 1276 2108 gratiam
1309 2044 1430 2109 regis
1462 2045 1732 2108 petierunt,
1773 2054 1820 2090 et

394 2121 548 2184 specie
573 2131 711 2168 tenus
741 2118 1076 2167 obtinuerunt.
1116 2119 1296 2168 Deinde
1330 2138 1415 2167 rex
1444 2118 1820 2184 Snotingheham

396 2208 604 2244 castrum
631 2198 703 2261 (3)
735 2198 1029 2253 construxit,
1063 2208 1109 2244 et
1129 2198 1387 2245 Guillelmo
1405 2197 1649 2245 Peverello
1678 2214 1818 2244 com-

395 2275 655 2323 mendavit.

461 2355 573 2401 Haec
605 2353 923 2401 Eboracenses
956 2363 1006 2399 ut
1035 2353 1313 2408 audierunt,
1349 2353 1629 2400 extimentes
1661 2361 1818 2398 matu-

443 2598 494 2638 (ι)
522 2596 724 2629 VVarwick.

442 2655 491 2697 (2)
518 2654 652 2696 chri,
673 2653 863 2689 ‹lcuxieme
883 2653 937 2686 fils
957 2652 1001 2687 dc
1021 2652 1144 2699 Rogcr
1163 2652 1206 2687 dc
1226 2652 1439 2692 ilc-iunicum
1460 2657 1495 2684 ct
1514 2654 1630 2684 comte
1645 2646 1688 2681 (lc
1709 2647 1813 2680 War-

399 2712 505 2748 uicis.

443 2768 492 2808 (δ’)
522 2771 567 2803 Le
586 2771 737 2805 chain-au
757 2771 800 2804 dr
826 2770 1067 2815 Nottinghani
