1951 3194
132 265 269 313 [1068]
629 261 781 299 LlBER
811 262 1066 310 QUARTUS.
1473 267 1538 303 181

136 340 262 385 tinus
284 338 504 403 princeps
523 338 792 385 moderatus
812 337 1054 386 humiliter
1075 343 1324 404 prostratis
1345 340 1548 388 clemen-

134 428 205 464 ter
238 417 478 481 pepercit,
511 416 760 464 confitenti
791 417 971 481 populo
1007 428 1162 464 reatus
1195 417 1424 475 indulsit,
1459 419 1548 464 acsi

132 495 353 541 nescisset
374 493 504 558 quod
524 493 589 540 illi
610 494 763 540 eidem
782 504 1007 558 proterve
1026 495 1323 553 restiterant,
1351 505 1399 543 et
1421 496 1552 561 quod

133 571 365 618 militibus
399 571 654 619 crudeliter
680 581 728 619 et
761 573 1104 620 contumeliose
1131 573 1404 631 illuserant,
1432 591 1552 639 quos

135 651 230 714 ipse
259 650 317 697 de
341 650 635 697 Normannia
660 649 878 706 miserat,
911 660 959 697 et
991 660 1239 714 tempestas
1268 651 1325 697 ad
1355 661 1552 716 portum

135 729 329 776 illorum
369 728 630 792 appulerat.
676 728 851 774 Exonii
890 727 1122 792 gaudent,
1164 740 1412 794 gratesque
1452 731 1553 776 Deo

133 806 376 862 referunt,
404 805 532 871 quod
558 815 666 870 post
691 815 763 852 tot
794 806 911 864 iras,
938 805 1270 872 terribilesque
1297 807 1447 853 minas
1472 826 1552 872 spe

134 883 299 929 melius
327 882 602 946 alienigenae
636 883 733 947 regi
768 881 999 946 pacificati
1034 894 1162 929 sunt.
1200 884 1300 930 Rex
1332 895 1491 930 autem
1528 903 1551 930 a

132 958 272 1006 rebus
292 976 458 1006 eorum
479 957 711 1006 abstinuit
726 998 737 1020 ,
760 970 806 1007 et
830 971 990 1024 portas
1010 959 1142 1007 urbis
1162 961 1348 1009 valente
1368 961 1553 1026 fidaque

131 1035 340 1083 custodia
363 1037 599 1094 munivit,
629 1055 689 1083 ne
714 1038 915 1101 gregarii
949 1038 1124 1085 milites
1154 1048 1350 1102 repente
1377 1039 1554 1086 introi-

131 1123 264 1170 rent,
287 1123 334 1160 et
356 1114 578 1177 pecunias
602 1115 780 1160 civium
801 1115 1038 1162 violenter
1062 1115 1342 1180 diriperent.
1372 1117 1554 1162 Locum

132 1209 245 1239 vero
277 1193 402 1238 intra
434 1193 613 1239 moenia
643 1193 699 1238 ad
728 1193 1047 1240 extruendum
1076 1194 1318 1241 castellum
1350 1194 1551 1259 delegit,

133 1269 293 1334 ibique
307 1270 593 1316 Balduinum
606 1270 663 1317 de
678 1271 817 1317 Molis
832 1271 985 1317 filium
996 1271 1248 1320 Gisleberti
1264 1273 1451 1320 comitis
1466 1274 1505 1335 (1
1517 1274 1551 1335 )‚

132 1347 342 1412 aliosque
365 1348 539 1395 milites
574 1348 840 1412 praecipuos
867 1349 1063 1414 reliquit
1081 1385 1093 1405 ,
1124 1350 1205 1413 qui
1241 1350 1553 1396 necessarium

132 1441 251 1488 opus
276 1424 596 1481 conficerent,
625 1424 941 1489 praesidioque
965 1436 1231 1472 manerent.
1263 1427 1365 1489 Ipse
1394 1437 1553 1490 postea

134 1502 183 1546 in
203 1500 367 1547 Cornu
388 1501 649 1548 Britanniae
671 1502 740 1564 (2)
762 1502 960 1548 ulterius
985 1501 1322 1550 contendebat.
1344 1503 1553 1567 Compo-

133 1578 224 1624 sito
249 1577 425 1643 ubique
460 1589 623 1635 motu,
651 1596 794 1643 quem
819 1578 1159 1642 deprehendit,
1188 1579 1452 1627 exercitum
1477 1580 1555 1626 di-

132 1656 294 1713 misit,
338 1667 385 1703 et
419 1655 655 1704 Guentam
697 1657 768 1720 (3)
806 1657 863 1703 ad
897 1658 1159 1704 vacandum
1194 1658 1304 1704 illuc
1346 1658 1554 1705 Paschali

132 1733 252 1781 sesto
279 1734 436 1781 rediit.

198 1811 340 1857 Anno
361 1810 419 1857 ab
441 1812 768 1860 incarnatione
791 1813 985 1859 Domini
1005 1822 1214 1859 MLXV111⁰
1237 1813 1328 1876 (A),
1348 1812 1553 1860 Guillel-

135 1905 238 1934 inus
263 1906 345 1934 rex
369 1889 543 1952 legatos
572 1889 876 1936 honorabiles
902 1891 1243 1937 in'Neustriam
1270 1890 1444 1937 direxit
1462 1927 1474 1947 ,
1506 1900 1554 1936 et

136 1962 413 2011 Mathildem
435 1967 683 2030 conjugem
701 1984 830 2012 suam
848 1966 904 2012 ad
923 1984 969 2013 se
986 1967 1148 2013 venire
1167 1968 1411 2031 praecepit.
1434 1968 1555 2014 Pro-

137 2041 265 2087 tinus
284 2042 359 2087 illa
378 2044 535 2088 mariti
549 2044 686 2107 jussis
704 2044 909 2091 libenter
923 2043 1134 2092 obedivit
1148 2081 1161 2102 ,
1181 2055 1228 2091 et
1244 2062 1352 2091 cum
1371 2046 1551 2111 ingenti

135 2119 402 2183 frequentia
427 2121 643 2167 virorum
670 2139 722 2167 ac
752 2120 989 2169 nobilium
1012 2123 1300 2170 feminarum
1325 2123 1554 2170 transfre-

138 2197 270 2242 tavit.
300 2198 351 2243 ln
378 2198 532 2254 clero,
562 2199 642 2263 qui
668 2199 723 2245 ad
748 2200 906 2246 divina
931 2201 971 2249 ei
997 2201 1327 2260 ministrabat,
1357 2201 1553 2250 celebris

136 2273 292 2321 Guido
316 2274 665 2324 Ambianorum
692 2278 864 2341 praesul
890 2278 1144 2335 eminebat,
1173 2281 1254 2344 qui
1274 2282 1371 2344 jam
1394 2290 1551 2327 certa—

136 2366 244 2396 men
286 2350 474 2398 Heraldi
513 2363 559 2398 et
598 2352 841 2401 Guillelmi
884 2355 1095 2402 versifice
1140 2355 1365 2403 ediderat.
1408 2355 1551 2403 Adel-

220 2527 231 2570 )
258 2525 448 2560 Baudouin
463 2526 507 2561 de
523 2527 678 2571 Montes,
701 2529 754 2563 fils
774 2529 818 2563 do
838 2530 1023 2564 Gislebf‘rt
1043 2538 1161 2565 comto
1181 2531 1225 2566 de
1246 2532 1415 2566 Brionnc.

185 2587 233 2629 uz)
261 2586 307 2619 Le
322 2587 441 2620 comte
456 2585 501 2620 de
519 2586 781 2622 Cornouaillcs

223 2646 233 2688 )

224 2706 234 2748 )

261 2703 373 2737 Notrc
393 2711 533 2747 auteur,
561 2717 631 2751 quc
654 2717 743 2738 nous
770 2717 877 2739 avons
900 2718 940 2740 xu
966 2705 1145 2740 ci-dcssus
1171 2719 1398 2743 connuenccr
1418 2712 1433 2743 a
1464 2710 1548 2745 Noc}

141 2761 277 2797 l’anncc
295 2763 511 2809 precedente
527 2792 532 2804 ,
551 2776 759 2799 conuncncc
780 2763 877 2800 celle
891 2765 920 2798 ci
941 2767 957 2799 ἐι
979 2765 1114 2812 Pziqucs
