1951 3194
93 213 231 261 [1080]
580 210 734 250 LIBER
764 211 1007 261 QUINTUS,
1434 214 1513 253 317

93 309 267 338 uxores
283 302 543 357 parentum
567 310 790 349 suorum,
817 294 1030 359 episcopi
1056 295 1346 340 canonicam
1364 294 1510 358 justi-

93 370 208 415 tiam
232 379 548 433 exequantur.
579 371 689 416 Rex
716 373 841 416 enim
867 371 981 416 inde
1004 370 1192 417 nullum
1212 373 1412 418 sustinet
1436 373 1514 419 vel

93 458 264 506 tuetur,
300 447 389 494 sed
412 449 580 514 potius
611 449 863 513 episcopos
895 448 1178 513 adjuvando
1207 449 1432 497 admonet
1465 462 1514 497 ut

94 524 174 571 lex
196 525 296 571 Dei
303 525 515 590 firmiter
537 536 766 571 teneatur.

160 607 206 650 3.
221 603 511 668 Presbyteri,
528 603 742 660 diaconi,
759 603 1054 650 subdiaconi
1063 617 1106 650 et
1119 623 1277 652 omnes
1292 608 1517 653 canonici

93 692 136 728 et
160 681 338 729 decani
359 682 546 728 nuttam
567 682 762 727 omnino
776 681 1026 744 feminam
1049 681 1275 729 ltabeant.
1302 684 1450 743 Quod
1472 685 1517 730 si

94 760 274 824 aliquis
294 771 407 825 post
433 759 650 805 eamdem
674 758 869 824 culpam
892 759 1028 804 visus
1044 760 1207 821 fuerit
1232 762 1512 819 incurrisse,

93 837 139 882 si
155 854 246 902 per
270 837 506 882 ministros
530 836 742 899 episcopi
764 834 877 881 inde
895 838 1033 900 prius
1044 833 1206 898 fuerit
1227 847 1486 884 accusatus
1495 875 1511 895 ,

95 916 146 960 in
165 915 301 960 curia
320 914 536 978 episcopi
551 931 602 959 se
613 912 864 978 purgabit.
883 913 920 959 S
923 914 1065 960 ivero
1075 914 1516 980 parrochianorum

93 991 174 1038 vel
190 990 490 1038 dominorum
509 1008 705 1037 suorum
721 990 899 1054 aliquis
917 1008 1023 1036 eum
1037 994 1176 1056 prius
1192 994 1515 1049 accusaverit,

95 1068 270 1115 habeat
292 1080 551 1116 accusatus
572 1068 798 1114 inducias
825 1078 874 1113 ut
893 1086 999 1113 cum
1021 1070 1250 1134 episcopo
1267 1071 1426 1134 possit
1447 1069 1520 1117 lo·-

95 1148 205 1210 qui‚·
223 1158 268 1192 et
289 1150 330 1192 si
349 1164 398 1192 se
414 1163 630 1211 purgare
649 1145 875 1201 voluerit,
901 1146 950 1190 in
970 1146 1140 1191 eadem
1150 1146 1419 1211 parrochia
1441 1149 1523 1194 cui

95 1226 262 1282 servit,
294 1222 611 1288 praesentibus
639 1221 978 1286 parrochianis
1006 1222 1232 1288 pluribus
1267 1235 1379 1270 ante
1415 1225 1522 1290 epi—

97 1304 229 1366 scopi
252 1302 494 1347 ministros
518 1310 562 1345 et
590 1316 755 1346 eorum
769 1298 964 1363 judicio
985 1316 1035 1344 se
1055 1299 1302 1364 purgabit.
1326 1300 1384 1346 Si
1407 1319 1520 1347 vero

89 1397 310 1446 purgare
324 1397 374 1425 se
390 1397 486 1425 non
494 1380 722 1445 potuerit)
743 1377 1022 1424 Ecclesiam
1036 1376 1207 1443 perdet
1228 1378 1522 1444 irrecupera—

100 1459 273 1505 biliter.
313 1458 426 1504 Hoc
458 1456 726 1521 praedictus
765 1472 850 1500 rex
886 1456 1079 1510 statuit,
1118 1472 1216 1501 non
1246 1458 1526 1521 perenniter

99 1538 341 1603 episcopis
364 1538 463 1582 suis
488 1533 749 1599 auferendo
776 1531 986 1578 debitam
999 1534 1267 1597 justitiam,
1295 1534 1384 1579 sed
1406 1536 1523 1598 quia

99 1615 310 1680 episcopi
356 1631 410 1660 eo
451 1624 659 1678 tempore
698 1611 856 1656 minus
892 1628 1039 1674 quam
1077 1612 1370 1659 convenisset
1410 1612 1524 1658 inde

81 1691 343 1757 jecerant;
365 1691 521 1737 donec
545 1692 648 1755 ipse
671 1706 834 1735 eorum
855 1687 1026 1734 videns
1050 1688 1433 1736 emendationem
1455 1691 1523 1736 eis

101 1769 318 1816 redderet
346 1786 435 1834 pro
468 1765 743 1830 benaffacto,
778 1766 913 1830 quod
941 1776 1053 1812 tunc
1085 1765 1146 1812 de
1176 1784 1326 1812 manu
1359 1784 1524 1814 eorum

103 1848 428 1912 temporaliter
450 1847 624 1892 tulerat
638 1863 731 1911 pro
756 1847 1028 1891 commisso.

166 1931 215 1985 4.
241 1925 420 1973 Nullus
439 1925 593 1971 laicus
619 1925 669 1969 in
694 1922 960 1968 redditibus
985 1923 1175 1979 altaris,
1198 1923 1278 1969 vel
1293 1926 1342 1969 in
1358 1925 1525 1990 sepul—

104 2015 236 2061 tura,
265 2003 345 2049 vel
367 2005 417 2048 in
442 2004 582 2048 tertia
600 2012 743 2066 parte
765 2001 970 2046 decimce
993 2001 1186 2065 aliquid
1209 2002 1415 2058 lzabeat;
1439 2022 1527 2051 nec

96 2084 360 2146 pecuniam
388 2098 480 2146 pro
510 2080 678 2126 horum
710 2078 985 2125 venditione
1014 2079 1094 2125 vel
1129 2079 1393 2126 donatione
1425 2081 1527 2127 ali-

104 2171 339 2224 quatenus
356 2158 532 2205 lzabeat
542 2181 563 2213 ,·
584 2176 673 2204 nec
687 2156 937 2223 presbyter
954 2157 1067 2203 inde
1088 2159 1327 2205 servitium
1331 2158 1520 2222 faciat,

104 2238 199 2283 nisi
219 2236 505 2301 legationem
526 2234 711 2280 domini
730 2235 810 2280 sui
822 2245 1006 2299 portet,
1031 2237 1098 2280 ita
1120 2246 1170 2281 ut
1191 2237 1240 2280 in
1260 2235 1430 2281 eadem
1450 2235 1528 2282 die

106 2315 175 2361 ad
208 2316 446 2360 servitium
479 2312 720 2359 Ecclesicc
764 2322 1055 2367 1ἐνει’ῑαίιιι·,·
1099 2323 1143 2358 et
1181 2312 1251 2358 ad
1283 2315 1526 2360 orationes

107 2394 230 2458 (per
263 2392 618 2438 Normanniam
654 2390 986 2453 solummodo)
1020 2393 1199 2437 >victum
1237 2391 1423 2437 domini
1452 2394 1533 2438 sui

106 2468 285 2515 habens
294 2506 310 2526 ,
333 2469 378 2514 si
399 2468 623 2513 dominus
643 2467 869 2522 voluerit,
897 2484 1055 2513 secum
1081 2467 1266 2523 vadatj
1287 2469 1528 2514 servitium

106 2545 346 2592 Ecclesia?
367 2544 612 2609 presbyter
634 2545 820 2591 interim
845 2556 990 2590 curet.

175 2625 220 2670 5.
248 2623 519 2683 Presbyteri
547 2622 608 2668 ab
638 2624 874 2688 episcopis
904 2623 983 2668 vel
1012 2623 1073 2669 ab
1106 2641 1265 2669 eorum
1299 2625 1528 2671 ministris

99 2714 277 2766 prseter
291 2704 450 2765 justos
477 2701 691 2749 redditus
718 2703 930 2767 episcopi
948 2703 999 2747 vi
1022 2702 1095 2748 vel
1114 2703 1255 2748 minis
1272 2703 1395 2748 nillil
1412 2704 1529 2749 dare
