1951 3194
424 333 501 371 248
791 331 1031 369 HISTORIA
1063 329 1459 367 ECCLESIASTICA.
1565 332 1833 381 [1073-1085]

422 411 767 459 monachorum
798 421 951 474 patres
989 411 1034 455 in
1068 409 1312 464 Neustria,
1346 426 1551 473 quorum
1583 426 1832 456 numerosa

423 491 668 555 praeterire
681 487 944 552 compellor
961 487 1253 542 charismata,
1278 504 1336 533 ne
1352 487 1516 533 lectori
1537 498 1727 551 generet
1741 487 1834 533 fas-

424 566 592 612 tidium
624 565 867 629 prolixitas
896 565 1057 610 nimia.

488 645 577 690 XI.
600 646 743 690 Anno
762 643 821 689 ab
842 643 1167 689 incarnatione
1179 642 1370 689 Domini
1390 651 1442 687 Μο
1460 652 1569 687 Lxx⁰
1588 644 1662 686 111⁰
1680 641 1834 687 indic-

424 723 555 768 tione
578 728 644 766 Χιὃ
670 719 934 767 Alexander
957 737 1072 783 papa
1103 718 1354 773 secundus,
1381 728 1633 782 postquam
1654 719 1834 764 Roma-

422 817 534 844 nam
566 810 611 845 et
640 798 945 862 apostolicam
975 797 1130 843 sedem
1163 813 1211 842 xl
1245 797 1379 841 annis
1415 797 1566 851 rexit,
1602 813 1626 842 e
1655 795 1835 841 mundo

422 877 669 941 migravit3
701 886 747 922 et
771 875 1026 939 Gregorius
1056 888 1158 921 v11us
1183 874 1263 938 qui
1292 874 1339 919 in
1363 873 1642 937 baptismate
1666 871 1834 919 Hilde—

421 953 634 999 brannus
661 952 812 999 (lictus
842 963 932 1007 est,
963 952 1207 1008 successit,
1235 962 1281 997 et
1314 951 1359 996 in
1389 949 1607 997 cathedra
1633 948 1837 1013 pontifi-

425 1031 509 1076 cali
543 1047 643 1076 xvn
676 1030 810 1075 annis
844 1029 962 1075 sedit
990 1030 1076 1090 (1).
1117 1028 1202 1073 Hic
1235 1045 1258 1072 a
1287 1045 1436 1090 puero
1468 1025 1751 1081 monachus,
1788 1026 1836 1072 in

423 1108 523 1171 lege
548 1108 739 1153 Domini
766 1106 897 1151 valde
920 1105 1124 1158 studuit,
1148 1104 1446 1168 multumque
1469 1103 1676 1150 fervidus
1698 1120 1839 1167 prop-

426 1195 498 1230 ter
514 1184 749 1247 justitiam
768 1182 939 1227 multas
965 1182 1314 1245 persecutiones
1332 1181 1547 1245 pertulit.
1567 1182 1737 1226 Passim
1756 1198 1839 1243 per

425 1260 593 1309 orbem
627 1260 881 1324 apostolica
920 1259 1069 1305 edicta
1101 1258 1377 1314 destinavit,
1416 1270 1462 1304 et
1494 1257 1612 1303 nulli
1644 1273 1839 1321 parcens

427 1338 697 1385 coelestibus
722 1338 923 1384 oraculis
944 1336 1224 1383 terribiliter
1250 1336 1485 1390 intonuit,
1510 1352 1767 1399 omnesque
1784 1334 1841 1380 ad

426 1418 616 1481 nuptias
652 1418 773 1481 regis
807 1415 1010 1461 Sabaoth
1049 1415 1214 1469 minis,
1254 1413 1566 1477 precibusque
1603 1413 1837 1458 invitavit.

427 1495 644 1542 Poscenti
676 1512 809 1558 papae
851 1493 1145 1540 venerandus
1180 1494 1318 1556 Hugo
1351 1491 1668 1538 Cluniacensis
1700 1488 1840 1535 abbas

428 1571 641 1618 Odonem
677 1571 862 1635 praefati
900 1570 1170 1616 monasterii
1203 1570 1415 1633 priorem
1450 1569 1562 1632 (qui
1599 1567 1841 1614 Remensis

430 1650 635 1696 ecclesiae
666 1650 921 1696 canonicus
952 1648 1130 1710 fuerat)
1159 1665 1266 1693 cum
1293 1648 1391 1693 aliis
1420 1647 1599 1694 idoneis
1623 1645 1841 1693 coenobi-

430 1730 488 1773 tis
523 1730 723 1776 Romam
760 1727 1051 1781 transmisit3
1087 1744 1204 1790 quos
1238 1744 1353 1790 papa
1398 1725 1528 1770 velut
1557 1742 1581 1769 a
1617 1725 1718 1770 Deo
1752 1722 1840 1768 sibi

427 1808 593 1854 missos
631 1806 865 1869 adjutores
904 1817 1100 1851 ovanter
1145 1805 1362 1868 suscepit.
1411 1803 1626 1849 Oilonem
1672 1818 1841 1865 nempe

428 1885 727 1948 praecipuum
760 1882 847 1928 sibi
879 1883 1201 1929 consiliarium
1237 1882 1399 1945 elegit,
1444 1892 1489 1927 et
1528 1880 1729 1926 Ostiensi
1765 1896 1841 1925 ec-

429 1962 580 2008 clesiae
607 1960 882 2024 pontificem
905 1961 1157 2006 constituit
1175 1961 1275 2022 (9);
1305 1961 1434 2022 cujus
1458 1958 1576 2005 sedis
1601 1974 1842 2021 praeroga-

429 2041 521 2086 tiva
549 2051 617 2087 est
644 2058 666 2085 a
696 2041 909 2085 Romano
936 2039 1138 2084 electum
1163 2038 1290 2084 clero
1317 2037 1576 2100 suscipere,
1605 2046 1651 2082 et
1674 2052 1841 2099 papam

427 2118 723 2164 benedicere.
751 2117 880 2163 Alios
902 2133 1092 2181 quoque
1111 2114 1367 2162 monachos
1386 2133 1498 2178 papa
1514 2149 1526 2170 ,
1548 2124 1694 2178 prout
1718 2112 1841 2159 ratio

426 2196 659 2252 dictabat,
686 2195 951 2259 promovit,
978 2206 1024 2239 et
1046 2193 1336 2239 diversarum
1358 2192 1658 2238 ecclesiarum
1681 2190 1839 2237 tutelae

427 2275 636 2339 digniter
658 2273 887 2337 praefecit.

491 2352 730 2400 Defuncto
749 2350 960 2397 Ernalilo
983 2350 1399 2400 Cenomannorum
1423 2349 1643 2411 episcopo
1658 2382 1670 2401 ‚
1699 2345 1839 2393 Guil-

473 2535 523 2579 (1)
548 2532 752 2568 Alexandro
770 2532 803 2565 ΙΙ
824 2529 890 2575 (30
911 2530 1114 2576 septembre
1138 2529 1282 2563 1061-21
1304 2529 1391 2563 avril
1414 2527 1541 2576 1075);
1560 2528 1742 2574 Gregoire
1761 2526 1836 2562 VII

428 2594 485 2636 (22
506 2592 593 2627 avril
617 2590 764 2640 1075-25
779 2591 849 2624 mai
873 2588 988 2635 ¹085).

475 2653 524 2696 (2)
550 2652 601 2686 Ce
622 2664 666 2684 ne
684 2650 740 2683 sut
757 2648 861 2696 point
877 2648 1059 2694 Gregoirc
1083 2647 1171 2690 vll,
1196 2649 1285 2681 mais
1303 2658 1367 2681 son
1389 2657 1595 2680 successeur
1615 2644 1753 2678 Urbain
1776 2644 1806 2677 ll
1823 2672 1830 2684 ‚

429 2710 555 2744 ancien
584 2707 771 2742 camarade
795 2706 942 2741 d’odon
968 2708 985 2740 a
1009 2706 1136 2748 Cluui,
1158 2707 1238 2753 qui,
1262 2719 1304 2739 vn
1325 2706 1484 2752 quittant
1502 2716 1546 2738 cn
1575 2702 1659 2737 1088
1684 2702 1716 2737 lc
1736 2703 1832 2748 siege

428 2768 570 2803 d'Ustic
596 2780 689 2813 pour
714 2766 861 2801 devenir
881 2766 1068 2799 souverain
1098 2765 1252 2811 pontife,
1276 2778 1294 2809 y
1324 2764 1447 2810 appcla
1473 2776 1511 2797 cr
1536 2769 1653 2796 savam
1682 2773 1831 2807 person--

429 2842 529 2875 magr.
559 2828 582 2861 ll
609 2828 766 2872 loscupa
782 2827 950 2872 jusqii'cn
977 2838 1072 2859 1101.
