1951 3194
115 282 250 330 [1068]
604 277 757 317 LIBER
786 278 1040 326 QUARTUS.
1451 284 1527 321 179

112 356 418 404 auscultabat.
475 355 746 403 Desertores
798 356 1067 421 hujusmodi
1123 367 1223 403 arte
1274 357 1525 423 aliquoties

111 435 424 483 reducuntur.
466 435 571 481 Pari
612 434 859 482 sedulitate
887 447 933 482 et
962 435 1168 482 sollertia
1206 436 1366 484 Gallos
1396 456 1526 485 nunc

112 511 404 571 instruebat,
442 529 572 559 nunc
603 523 656 558 ut
692 523 859 559 contra
893 530 1058 559 omnes
1092 513 1227 560 dolos
1262 524 1309 561 et
1340 514 1529 562 insidias

113 591 411 656 singulorum
437 607 620 654 semper
650 588 826 654 ubique
857 591 1007 654 parati
1040 602 1193 637 essent
1222 591 1341 637 clam
1367 592 1532 658 Anglis

116 666 467 714 commonebat.
488 667 683 712 Cunctae
701 664 841 712 urbes
857 675 903 712 et
919 666 1152 730 regiones,
1171 685 1285 731 quas
1302 669 1397 732 ipse
1411 670 1533 718 adie-

115 755 190 789 rat
214 743 287 791 vel
310 743 540 808 praesidiis
564 753 898 806 occupaverat,
925 742 979 788 ad
1010 755 1183 789 nutum
1206 745 1246 790 ei
1281 746 1528 810 parebant.

117 821 250 867 Circa
276 822 506 868 terminos
522 820 653 884 regni
679 840 688 864 :
713 819 1010 866 occidentem
1033 830 1113 866 aut
1137 821 1322 886 plagam
1343 835 1534 888 septen-

117 899 368 945 trionalem
391 915 576 954 versus,
606 897 795 944 effrenis
818 897 970 944 adhuc
997 897 1173 945 ferocia
1198 900 1530 964 superbiebat,

115 987 161 1022 et
196 976 379 1041 Angliae
423 977 554 1041 regi,
600 976 688 1022 nisi
734 975 790 1021 ad
832 974 1025 1022 libitum
1064 993 1235 1034 suum,
1279 977 1531 1038 famulari,

115 1053 202 1101 sub
224 1072 332 1119 rege
355 1054 580 1101 Eduardo
605 1054 801 1118 aliisque
831 1052 1072 1117 prioribus
1098 1054 1214 1101 olim
1239 1054 1530 1120 despexerat.

178 1133 363 1180 Exonia
395 1134 466 1197 (1)
495 1131 765 1179 libertatem
792 1131 1041 1179 vendicare
1072 1133 1224 1196 prima
1255 1134 1531 1192 contendit,

115 1210 193 1257 sed
218 1211 486 1258 fortissimis
512 1209 699 1257 athletis
729 1209 920 1256 fortiter
948 1227 1050 1256 eam
1076 1210 1407 1258 invadentibus
1431 1231 1533 1260 ser-

114 1288 254 1332 vituti
297 1286 545 1351 subjacuit.
586 1288 696 1332 Haec
732 1284 846 1332 urbs
881 1286 1009 1332 dives
1045 1296 1112 1333 est
1145 1298 1193 1332 et
1228 1289 1449 1353 antiqua,
1482 1290 1531 1335 in

111 1364 256 1428 plano
279 1365 389 1421 sita,
419 1381 615 1428 operose
640 1364 849 1419 munita,
874 1382 898 1409 a
923 1364 1084 1411 littore
1109 1365 1324 1423 marino,
1353 1384 1451 1431 quo
1476 1385 1532 1413 ex

114 1440 340 1488 Hibernia
366 1442 435 1488 vel
460 1442 706 1488 Britannia
731 1442 918 1489 minore
942 1441 1222 1490 brevissimo
1247 1444 1405 1490 aditur
1428 1463 1530 1508 spa-

116 1521 202 1576 tio,
229 1520 406 1565 distans
430 1520 647 1565 milliaria
672 1519 862 1565 circiter
884 1519 997 1566 duo.
1024 1520 1157 1566 Cives
1178 1537 1280 1566 eam
1306 1521 1533 1568 tenebant

115 1598 308 1655 furiosi,
338 1599 541 1662 copiosae
562 1597 908 1653 multitudinis,
938 1596 1226 1643 infestissimi
1251 1598 1535 1645 mortalibus

118 1675 283 1721 Gallici
315 1677 527 1741 generis,
557 1675 758 1739 puberes
789 1692 841 1721 ac
872 1686 1075 1721 senatus.
1108 1675 1167 1721 Hi
1202 1677 1434 1723 nimirum
1457 1695 1536 1725 so-

119 1753 215 1799 cios
249 1771 273 1800 e
309 1753 456 1817 plagis
488 1753 704 1799 finitimis
743 1753 953 1817 inquiete
988 1753 1309 1811 arcessebant,
1350 1772 1537 1802 merca-

123 1841 246 1876 tores
277 1829 474 1877 advenas
498 1829 626 1877 bello
660 1829 837 1876 habiles
870 1829 1175 1887 retinebant,
1211 1841 1258 1877 et
1288 1832 1458 1895 pinnas
1485 1850 1538 1878 ac

120 1918 272 1953 turres
286 1943 298 1963 ,
321 1918 368 1953 et
385 1925 586 1972 quaeque
607 1908 863 1954 necessaria
888 1906 975 1952 sibi
1001 1907 1281 1964 censebant,
1310 1909 1359 1954 in
1380 1910 1536 1954 muni-

120 1983 292 2028 mentis
314 1982 569 2040 addebant,
591 1983 664 2030 vel
688 1981 1032 2029 restaurabant.
1056 1983 1180 2029 Alias
1203 2001 1395 2048 quoque
1418 1985 1535 2030 civi-

124 2068 237 2104 tates
260 2057 315 2104 ad
340 2058 707 2122 conspirandum
733 2060 781 2104 in
811 2058 971 2106 eadem
997 2058 1312 2123 legationibus
1339 2060 1536 2126 instiga—

126 2135 239 2182 bant
260 2171 273 2192 ,
322 2146 368 2182 et
412 2146 577 2182 contra
620 2153 778 2200 regem
827 2137 1139 2201 alienigenam
1188 2148 1292 2184 toto
1335 2139 1444 2185 nisu
1489 2158 1536 2185 se

69 2268 71 2270 ι
125 2212 483 2277 praeparabant,
511 2231 619 2259 cum
647 2231 745 2279 quo
779 2226 912 2261 antea
944 2214 1001 2261 de
1033 2215 1168 2263 nullo
1200 2218 1394 2281 negotio
1423 2234 1537 2281 ege-

128 2302 251 2338 rant.
279 2293 378 2338 Rex
400 2309 513 2339 vero
536 2291 618 2338 ubi
644 2290 745 2339 haec
769 2293 942 2339 certius
966 2295 1222 2358 comperit,
1245 2294 1537 2358 primoribus

128 2369 329 2414 civitatis
355 2371 514 2431 jurare
546 2369 633 2415 sibi
666 2370 939 2417 fidelitatem
973 2370 1232 2417 mandavit.
1263 2373 1323 2420 At
1354 2372 1420 2417 illi
1455 2389 1534 2418 re-

127 2446 470 2492 mandaverunt
496 2448 534 2493 ei
551 2483 563 2503 ,
589 2447 797 2495 dicentes
821 2469 830 2493 :
852 2449 1021 2512 Neque
1052 2460 1404 2495 sacramentmn
1433 2453 1539 2513 regi

112 2522 384 2585 fioez‘emus,
423 2541 571 2586 neque
610 2526 658 2570 ίη
695 2526 852 2571 urbem
885 2544 991 2571 eum
1027 2528 1416 2581 intrmm'ttemzes;
1450 2529 1539 2573 sed

129 2601 352 2647 tributmn,
369 2604 410 2646 ei
425 2619 485 2646 ex
504 2603 845 2648 consuetudine
852 2605 1065 2667 pristina
1083 2603 1352 2650 reddemus.
1371 2606 1409 2651 E
1424 2622 1536 2652 con-

175 2778 222 2819 (x)
250 2777 389 2817 Exoter,
412 2776 498 2809 (lans
517 2776 547 2809 lc
570 2776 801 2809 Devonshiro.
