1951 3194
115 272 233 319 [cincii
266 270 383 318 1060]
602 266 754 304 LIBER
783 265 1015 303 TERTIUS.
1463 264 1513 300 ’73

115 350 298 412 Rupem
334 347 606 411 Ialgiensem
644 347 717 410 (1)
766 345 957 392 fortiter
995 343 1227 399 munivit,
1267 350 1314 388 et
1348 349 1513 386 contra

113 425 280 472 ducem
326 441 434 471 cum
473 423 798 470 Normannico
838 422 1047 469 exercitu
1090 418 1386 467 obsidentem
1424 416 1515 461 ali—

114 501 324 567 quandiu
351 502 520 548 tenuit.
549 501 637 548 Sed
663 501 772 564 quia
796 499 1068 546 mortalium
1093 496 1243 545 robur
1264 495 1404 542 labile
1427 504 1513 550 est,

115 578 366 643 subitoque
390 596 475 625 ceu
495 577 581 624 flos
604 577 725 623 foeni
751 586 952 632 marcet,
990 573 1213 638 praefatus
1246 572 1382 619 heros
1411 579 1520 635 post

114 656 384 702 innumeras
406 654 690 720 probitates,
720 652 834 699 dum
858 652 915 698 ad
948 652 1103 716 ignem
1130 651 1178 697 in
1204 650 1358 697 hieme
1382 649 1518 694 laetus

115 734 318 790 sederet,
357 735 700 797 conjugemque
737 748 866 777 suam
902 729 1171 776 Adelaidem
1214 730 1354 793 (quae
1388 726 1520 773 ducis

116 811 398 859 consobrina
418 812 546 873 erat)
567 819 773 874 quatuor
796 808 913 854 mala
937 824 1082 853 manu
1105 817 1285 870 gestare
1303 803 1484 850 videret
1505 838 1517 859 ‚

116 888 209 934 duo
233 905 291 934 ex
314 887 402 933 illis
426 885 722 932 familiariter
739 884 945 950 jocando
969 884 1008 931 ei
1035 883 1219 948 rapuit,
1242 891 1288 928 et
1310 880 1522 927 nesciens

116 965 246 1029 quod
272 976 498 1012 venenata
530 976 694 1022 erant,
730 980 878 1010 uxore
908 962 1262 1010 contradicente
1298 956 1520 1005 comedit.

119 1043 210 1102 Qui
229 1060 342 1089 mox
356 1060 541 1090 veneno
563 1043 764 1089 infectus
784 1052 869 1097 est,
892 1052 937 1087 et
955 1050 1063 1104 post
1080 1056 1109 1085 v
1128 1038 1225 1085 dies
1244 1054 1352 1083 cum
1370 1034 1525 1081 multo

119 1136 329 1166 moerore
342 1136 536 1165 suorum
554 1130 665 1165 V111⁰
687 1118 788 1164 idus
806 1116 1031 1163 februarii
1047 1114 1297 1162 defunctus
1316 1122 1401 1159 est.
1419 1111 1528 1170 Quo

118 1208 338 1254 mortuo,
381 1197 610 1243 Ernaldus
641 1195 882 1242 Willermi
918 1194 1140 1242 Geroiani
1179 1192 1303 1239 filius
1335 1191 1384 1236 in
1420 1190 1527 1236 loco

120 1276 276 1338 patrui
313 1275 381 1320 sui
416 1274 645 1330 surrexit,
684 1273 945 1337 oppidanos
983 1269 1200 1335 precibus
1238 1267 1527 1330 monitisque

122 1351 451 1399 corroboravit
469 1388 482 1408 ,
518 1351 722 1415 ducique
745 1350 947 1396 viriliter
978 1349 1192 1395 resistere
1220 1362 1310 1410 pro
1332 1355 1528 1409 paterna

123 1428 394 1475 haereditate
439 1429 704 1491 imperavit.
752 1427 896 1488 Cujus
942 1425 1292 1471 animositatem
1337 1420 1531 1467 callidus

120 1506 215 1552 ‘dux
248 1505 431 1552 blandis
462 1504 729 1553 hortatibus
759 1504 956 1559 lenivit,
989 1518 1246 1565 pacemque
1273 1516 1430 1546 secum
1457 1497 1532 1543 fa-

125 1600 227 1629 cere
250 1599 356 1627 cum
379 1580 594 1644 pluribus
616 1580 858 1645 promissis
881 1579 1128 1643 persuasit.
1151 1576 1215 1623 At
1237 1576 1313 1622 ille
1333 1573 1534 1622 consilio

124 1659 182 1706 ab
215 1660 375 1706 amieis
410 1670 602 1723 accepto
635 1659 741 1704 duci
779 1658 1050 1722 adquievit,
1087 1656 1223 1720 eique
1259 1653 1535 1700 fidelitatem

124 1737 253 1794 fecit,
277 1748 324 1784 et
346 1736 404 1783 ab
429 1754 483 1784 eo
504 1736 896 1783 Monasteriolum
921 1746 967 1781 et
991 1733 1281 1780 Escalfoium
1306 1749 1358 1777 ac
1383 1731 1533 1776 Sanc-

128 1825 229 1861 tum
253 1815 527 1861 Serenicum
543 1849 554 1869 ‚
586 1823 826 1877 totamque
850 1822 1037 1876 patrum
1062 1828 1255 1857 suorum
1283 1808 1536 1855 haeredita-

127 1905 224 1939 tem
242 1893 437 1956 recepit.
457 1892 635 1938 Deinde
655 1890 923 1938 Rodbertus
944 1889 1085 1935 abbas
1106 1907 1215 1952 pace
1234 1888 1354 1933 facta
1376 1904 1397 1931 a
1418 1888 1535 1931 duce

128 1970 376 2034 requisivit
404 1980 454 2014 ut
486 1969 703 2015 avunculi
739 1968 807 2014 sui
837 1984 1034 2030 corpus,
1069 1966 1199 2031 quod
1234 1964 1357 2028 apud
1393 1963 1536 2007 Sanc-

131 2057 232 2092 tum
256 2046 531 2093 Serenicum
556 2044 706 2091 tribus
732 2044 1003 2108 septimanis
1034 2043 1281 2089 humatum
1298 2043 1533 2104 jacuerat,

129 2124 320 2171 Uticum
352 2122 594 2170 transferri
620 2122 913 2169 concederet.
948 2122 1011 2168 At
1036 2120 1114 2167 ille
1146 2119 1329 2166 hostilis
1352 2134 1538 2164 memor

130 2202 225 2247 odii
249 2202 404 2265 primo
423 2200 693 2264 denegavit,
721 2198 1023 2263 postmodum
1042 2195 1318 2244 erubescens
1339 2193 1467 2259 quod
1488 2193 1534 2238 in

132 2289 376 2326 mortuum
396 2278 598 2334 saeviret,
621 2277 866 2325 concessit.
890 2277 1004 2324 Mox
1028 2275 1229 2340 impiger
1248 2272 1388 2320 abbas
1410 2269 1537 2317 Rod-

134 2355 255 2401 berti
286 2355 509 2401 Geroiani
542 2354 725 2418 glebam
761 2355 807 2400 in
841 2364 1013 2400 trunco
1045 2353 1241 2399 Uticum
1268 2348 1535 2403 transtulit,

136 2430 296 2495 ibique
328 2432 376 2475 in
402 2431 604 2477 claustro
636 2430 982 2477 monachorum
1009 2428 1273 2475 honorifice
1306 2425 1535 2488 sepelivit.

135 2507 331 2560 Cuncti,
359 2506 437 2570 qui
463 2506 656 2552 aderant
679 2505 977 2552 mirabantur
1001 2504 1129 2570 quod
1153 2503 1311 2549 nullus
1335 2501 1391 2546 de
1425 2518 1537 2546 cor-

135 2602 251 2648 pore
278 2583 428 2629 tribus
445 2585 540 2646 jam
565 2584 834 2647 septimanis
859 2584 1059 2629 exanimi
1088 2582 1237 2627 foetor
1263 2579 1535 2625 sentiretur.

183 2754 231 2797 (ι)
248 2753 708 2794 Saint-Ccncri-lc-Giroic,
730 2759 764 2786 ot
788 2753 830 2786 La
853 2752 976 2787 Rochc
992 2752 1092 2798 d’lgc
1112 2752 1191 2798 pres
1210 2750 1375 2786 Bellemc,
