<?xml version="1.0" encoding="UTF-8"?>
<!DOCTYPE html PUBLIC "-//W3C//DTD XHTML 1.0 Transitional//EN"
    "http://www.w3.org/TR/xhtml1/DTD/xhtml1-transitional.dtd">
<html xmlns="http://www.w3.org/1999/xhtml" xml:lang="en" lang="en">
 <head>
  <title>
</title>
<meta http-equiv="Content-Type" content="text/html;charset=utf-8" />
  <meta name='ocr-system' content='tesseract 3.04.00' />
  <meta name='ocr-capabilities' content='ocr_page ocr_carea ocr_par ocr_line ocrx_word'/>
</head>
<body>
  <div class='ocr_page' id='page_1' title='image "./ordericivitalish02ordeuoft_0284.png"; bbox 0 0 1951 3194; ppageno 0'>
   <div class='ocr_carea' id='block_1_1' title="bbox 411 239 1826 292">
    <p class='ocr_par' dir='ltr' id='par_1_1' title="bbox 411 239 1826 292">
     <span class='ocr_line' id='line_1_1' title="bbox 411 239 1826 292; baseline 0.001 -13"><span class='ocrx_word' id='word_1_1' title='bbox 411 244 488 280; x_wconf 79' lang='lat'><strong>200</strong></span> <span class='ocrx_word' id='word_1_2' title='bbox 769 240 1014 279; x_wconf 81' lang='lat' dir='ltr'><strong>HISTORIA</strong></span> <span class='ocrx_word' id='word_1_3' title='bbox 1047 239 1451 278; x_wconf 80' lang='lat' dir='ltr'>ECCLESIASTICA.</span> <span class='ocrx_word' id='word_1_4' title='bbox 1687 243 1826 292; x_wconf 86' lang='lat'>[1070]</span> 
     </span>
    </p>
   </div>
   <div class='ocr_carea' id='block_1_2' title="bbox 408 316 1849 2465">
    <p class='ocr_par' dir='ltr' id='par_1_2' title="bbox 408 316 1835 1062">
     <span class='ocr_line' id='line_1_2' title="bbox 409 316 1829 383; baseline 0.001 -18"><span class='ocrx_word' id='word_1_5' title='bbox 409 330 550 377; x_wconf 83' lang='lat' dir='ltr'><strong>sunt,</strong></span> <span class='ocrx_word' id='word_1_6' title='bbox 584 319 766 383; x_wconf 83' lang='lat' dir='ltr'><strong>indigni</strong></span> <span class='ocrx_word' id='word_1_7' title='bbox 803 316 1089 382; x_wconf 88' lang='lat' dir='ltr'><strong>pontificatu</strong></span> <span class='ocrx_word' id='word_1_8' title='bbox 1117 327 1317 382; x_wconf 87' lang='lat' dir='ltr'><strong>propter</strong></span> <span class='ocrx_word' id='word_1_9' title='bbox 1343 319 1648 367; x_wconf 81' lang='lat' dir='ltr'><strong>criminosam</strong></span> <span class='ocrx_word' id='word_1_10' title='bbox 1682 321 1829 366; x_wconf 86' lang='lat' dir='ltr'><strong>vitam</strong></span> 
     </span>
     <span class='ocr_line' id='line_1_3' title="bbox 408 395 1830 460; baseline 0 -16"><span class='ocrx_word' id='word_1_11' title='bbox 408 409 456 444; x_wconf 89' lang='lat' dir='ltr'><strong>et</strong></span> <span class='ocrx_word' id='word_1_12' title='bbox 489 414 617 443; x_wconf 85' lang='lat' dir='ltr'><strong>curae</strong></span> <span class='ocrx_word' id='word_1_13' title='bbox 646 395 896 460; x_wconf 87' lang='lat' dir='ltr'><strong>pastoralis</strong></span> <span class='ocrx_word' id='word_1_14' title='bbox 934 395 1187 441; x_wconf 89' lang='lat' dir='ltr'><strong>inscitiam.</strong></span> <span class='ocrx_word' id='word_1_15' title='bbox 1229 396 1488 443; x_wconf 84' lang='lat' dir='ltr'>Constituti</span> <span class='ocrx_word' id='word_1_16' title='bbox 1524 407 1634 443; x_wconf 87' lang='lat' dir='ltr'><strong>sunt</strong></span> <span class='ocrx_word' id='word_1_17' title='bbox 1671 409 1830 444; x_wconf 90' lang='lat' dir='ltr'><strong>autem</strong></span> 
     </span>
     <span class='ocr_line' id='line_1_4' title="bbox 409 471 1826 538; baseline 0 -19"><span class='ocrx_word' id='word_1_18' title='bbox 409 471 691 521; x_wconf 86' lang='lat' dir='ltr'><strong>nominandi</strong></span> <span class='ocrx_word' id='word_1_19' title='bbox 731 471 954 535; x_wconf 66' lang='lat' dir='ltr'><strong>praesules</strong></span> <span class='ocrx_word' id='word_1_20' title='bbox 988 471 1256 519; x_wconf 87' lang='lat' dir='ltr'><strong>Normanni</strong></span> <span class='ocrx_word' id='word_1_21' title='bbox 1297 472 1394 519; x_wconf 93' lang='lat' dir='ltr'><strong>duo</strong></span> <span class='ocrx_word' id='word_1_22' title='bbox 1424 474 1540 537; x_wconf 79' lang='lat' dir='ltr'><strong>regii</strong></span> <span class='ocrx_word' id='word_1_23' title='bbox 1574 473 1826 538; x_wconf 89' lang='lat' dir='ltr'><strong>capellani,</strong></span> 
     </span>
     <span class='ocr_line' id='line_1_5' title="bbox 409 549 1831 606; baseline 0.001 -9"><span class='ocrx_word' id='word_1_24' title='bbox 409 549 750 598; x_wconf 87' lang='lat' dir='ltr'><strong>Gualchelinus</strong></span> <span class='ocrx_word' id='word_1_25' title='bbox 786 549 1189 606; x_wconf 89' lang='lat' dir='ltr'><strong>Guentanorum,</strong></span> <span class='ocrx_word' id='word_1_26' title='bbox 1243 561 1289 597; x_wconf 89' lang='lat' dir='ltr'><strong>et</strong></span> <span class='ocrx_word' id='word_1_27' title='bbox 1335 549 1543 597; x_wconf 82' lang='lat' dir='ltr'>Thomas</span> <span class='ocrx_word' id='word_1_28' title='bbox 1584 549 1831 598; x_wconf 88' lang='lat' dir='ltr'><strong>Eboraco-</strong></span> 
     </span>
     <span class='ocr_line' id='line_1_6' title="bbox 408 628 1832 692; baseline -0.001 -16"><span class='ocrx_word' id='word_1_29' title='bbox 408 647 517 677; x_wconf 88' lang='lat' dir='ltr'><strong>rum</strong></span> <span class='ocrx_word' id='word_1_30' title='bbox 537 629 607 691; x_wconf 81' lang='grc' dir='ltr'><strong>(ι)</strong></span> <span class='ocrx_word' id='word_1_31' title='bbox 633 648 645 675; x_wconf 88' lang='lat'>:</span> <span class='ocrx_word' id='word_1_32' title='bbox 674 646 797 674; x_wconf 90' lang='lat' dir='ltr'><strong>unus</strong></span> <span class='ocrx_word' id='word_1_33' title='bbox 822 629 869 674; x_wconf 90' lang='lat' dir='ltr'><strong>in</strong></span> <span class='ocrx_word' id='word_1_34' title='bbox 896 628 1004 675; x_wconf 88' lang='lat' dir='ltr'><strong>loco</strong></span> <span class='ocrx_word' id='word_1_35' title='bbox 1029 628 1257 692; x_wconf 88' lang='lat' dir='ltr'><strong>depositi,</strong></span> <span class='ocrx_word' id='word_1_36' title='bbox 1292 629 1410 676; x_wconf 78' lang='lat' dir='ltr'><strong>alter</strong></span> <span class='ocrx_word' id='word_1_37' title='bbox 1431 628 1670 685; x_wconf 89' lang='lat' dir='ltr'><strong>defuncti;</strong></span> <span class='ocrx_word' id='word_1_38' title='bbox 1700 640 1832 676; x_wconf 89' lang='lat' dir='ltr'><strong>uter—</strong></span> 
     </span>
     <span class='ocr_line' id='line_1_7' title="bbox 409 703 1827 770; baseline 0 -18"><span class='ocrx_word' id='word_1_39' title='bbox 409 724 503 770; x_wconf 87' lang='lat' dir='ltr'><strong>que</strong></span> <span class='ocrx_word' id='word_1_40' title='bbox 539 703 772 770; x_wconf 84' lang='lat' dir='ltr'><strong>prudenS‚</strong></span> <span class='ocrx_word' id='word_1_41' title='bbox 814 705 982 769; x_wconf 88' lang='lat' dir='ltr'><strong>plenus</strong></span> <span class='ocrx_word' id='word_1_42' title='bbox 1020 705 1382 752; x_wconf 77' lang='lat' dir='ltr'><strong>mansuetudine</strong></span> <span class='ocrx_word' id='word_1_43' title='bbox 1423 716 1471 752; x_wconf 92' lang='lat' dir='ltr'><strong>et</strong></span> <span class='ocrx_word' id='word_1_44' title='bbox 1510 704 1827 762; x_wconf 79' lang='lat' dir='ltr'><strong>humanitate,</strong></span> 
     </span>
     <span class='ocr_line' id='line_1_8' title="bbox 410 781 1831 839; baseline -0.001 -9"><span class='ocrx_word' id='word_1_45' title='bbox 410 782 692 830; x_wconf 84' lang='lat' dir='ltr'><strong>venerabilis</strong></span> <span class='ocrx_word' id='word_1_46' title='bbox 722 793 769 829; x_wconf 90' lang='lat' dir='ltr'><strong>et</strong></span> <span class='ocrx_word' id='word_1_47' title='bbox 799 782 1013 828; x_wconf 85' lang='lat' dir='ltr'><strong>amabilis</strong></span> <span class='ocrx_word' id='word_1_48' title='bbox 1051 781 1324 829; x_wconf 86' lang='lat' dir='ltr'><strong>hominibus</strong></span> <span class='ocrx_word' id='word_1_49' title='bbox 1345 819 1356 839; x_wconf 89' lang='lat'><strong>,</strong></span> <span class='ocrx_word' id='word_1_50' title='bbox 1393 801 1559 830; x_wconf 85' lang='lat' dir='ltr'><strong>verens</strong></span> <span class='ocrx_word' id='word_1_51' title='bbox 1592 795 1639 831; x_wconf 86' lang='lat' dir='ltr'><strong>et</strong></span> <span class='ocrx_word' id='word_1_52' title='bbox 1671 801 1831 829; x_wconf 87' lang='lat' dir='ltr'><strong>amans</strong></span> 
     </span>
     <span class='ocr_line' id='line_1_9' title="bbox 411 849 1830 924; baseline -0.001 -18"><span class='ocrx_word' id='word_1_53' title='bbox 411 860 565 906; x_wconf 83' lang='lat' dir='ltr'><strong>Deum</strong></span> <span class='ocrx_word' id='word_1_54' title='bbox 594 859 882 906; x_wconf 79' lang='lat' dir='ltr'><strong>medullitus.</strong></span> <span class='ocrx_word' id='word_1_55' title='bbox 920 861 1039 905; x_wconf 88' lang='lat' dir='ltr'><strong>Item</strong></span> <span class='ocrx_word' id='word_1_56' title='bbox 1071 859 1148 905; x_wconf 91' lang='lat' dir='ltr'><strong>alii</strong></span> <span class='ocrx_word' id='word_1_57' title='bbox 1175 859 1416 924; x_wconf 79' lang='lat' dir='ltr'><strong>subrogati</strong></span> <span class='ocrx_word' id='word_1_58' title='bbox 1446 849 1582 917; x_wconf 85' lang='lat' dir='ltr'><strong>sunt,</strong></span> <span class='ocrx_word' id='word_1_59' title='bbox 1625 859 1830 906; x_wconf 89' lang='lat' dir='ltr'><strong>traducti</strong></span> 
     </span>
     <span class='ocr_line' id='line_1_10' title="bbox 414 937 1835 997; baseline -0.001 -12"><span class='ocrx_word' id='word_1_60' title='bbox 414 956 468 985; x_wconf 87' lang='lat' dir='ltr'><strong>ex</strong></span> <span class='ocrx_word' id='word_1_61' title='bbox 496 938 665 997; x_wconf 88' lang='lat' dir='ltr'><strong>Gallia,</strong></span> <span class='ocrx_word' id='word_1_62' title='bbox 687 938 910 994; x_wconf 90' lang='lat' dir='ltr'><strong>litterati,</strong></span> <span class='ocrx_word' id='word_1_63' title='bbox 938 937 1145 984; x_wconf 89' lang='lat' dir='ltr'><strong>decorati</strong></span> <span class='ocrx_word' id='word_1_64' title='bbox 1165 937 1400 995; x_wconf 86' lang='lat' dir='ltr'><strong>moribus,</strong></span> <span class='ocrx_word' id='word_1_65' title='bbox 1424 956 1476 984; x_wconf 89' lang='lat' dir='ltr'><strong>ac</strong></span> <span class='ocrx_word' id='word_1_66' title='bbox 1495 938 1691 986; x_wconf 82' lang='lat' dir='ltr'><strong>studiosi</strong></span> <span class='ocrx_word' id='word_1_67' title='bbox 1711 938 1835 984; x_wconf 87' lang='lat' dir='ltr'><strong>divi-</strong></span> 
     </span>
     <span class='ocr_line' id='line_1_11' title="bbox 416 1015 975 1062; baseline -0.002 -1"><span class='ocrx_word' id='word_1_68' title='bbox 416 1032 594 1061; x_wconf 86' lang='lat' dir='ltr'><strong>norum</strong></span> <span class='ocrx_word' id='word_1_69' title='bbox 618 1025 868 1062; x_wconf 87' lang='lat' dir='ltr'><strong>amatores.</strong></span> <span class='ocrx_word' id='word_1_70' title='bbox 971 1015 975 1020; x_wconf 78' lang='grc'>’</span> 
     </span>
    </p>

    <p class='ocr_par' dir='ltr' id='par_1_3' title="bbox 418 1092 1849 2465">
     <span class='ocr_line' id='line_1_12' title="bbox 481 1092 1833 1140; baseline 0.001 -1"><span class='ocrx_word' id='word_1_71' title='bbox 481 1093 782 1140; x_wconf 81' lang='lat' dir='ltr'><strong>Multimodae</strong></span> <span class='ocrx_word' id='word_1_72' title='bbox 806 1092 1065 1140; x_wconf 79' lang='lat' dir='ltr'><strong>honestatis</strong></span> <span class='ocrx_word' id='word_1_73' title='bbox 1086 1093 1244 1140; x_wconf 88' lang='lat' dir='ltr'><strong>studio</strong></span> <span class='ocrx_word' id='word_1_74' title='bbox 1266 1095 1313 1139; x_wconf 89' lang='lat' dir='ltr'><strong>in</strong></span> <span class='ocrx_word' id='word_1_75' title='bbox 1339 1094 1501 1139; x_wconf 87' lang='lat' dir='ltr'><strong>multis</strong></span> <span class='ocrx_word' id='word_1_76' title='bbox 1523 1112 1606 1140; x_wconf 85' lang='lat' dir='ltr'><strong>rex</strong></span> <span class='ocrx_word' id='word_1_77' title='bbox 1634 1093 1833 1140; x_wconf 86' lang='lat' dir='ltr'><strong>Guillel—</strong></span> 
     </span>
     <span class='ocr_line' id='line_1_13' title="bbox 418 1171 1833 1237; baseline -0.001 -19"><span class='ocrx_word' id='word_1_78' title='bbox 418 1190 521 1218; x_wconf 90' lang='lat' dir='ltr'><strong>mus</strong></span> <span class='ocrx_word' id='word_1_79' title='bbox 552 1171 798 1218; x_wconf 86' lang='lat' dir='ltr'><strong>laudabilis</strong></span> <span class='ocrx_word' id='word_1_80' title='bbox 836 1172 1032 1227; x_wconf 89' lang='lat' dir='ltr'><strong>claruit,</strong></span> <span class='ocrx_word' id='word_1_81' title='bbox 1068 1173 1365 1237; x_wconf 81' lang='lat' dir='ltr'><strong>maximeque</strong></span> <span class='ocrx_word' id='word_1_82' title='bbox 1399 1173 1447 1218; x_wconf 89' lang='lat' dir='ltr'><strong>in</strong></span> <span class='ocrx_word' id='word_1_83' title='bbox 1484 1173 1711 1218; x_wconf 83' lang='lat' dir='ltr'><strong>ministris</strong></span> <span class='ocrx_word' id='word_1_84' title='bbox 1750 1173 1833 1218; x_wconf 91' lang='lat' dir='ltr'><strong>Dei</strong></span> 
     </span>
     <span class='ocr_line' id='line_1_14' title="bbox 418 1249 1836 1314; baseline 0.001 -20"><span class='ocrx_word' id='word_1_85' title='bbox 418 1267 578 1296; x_wconf 82' lang='lat' dir='ltr'><strong>veram</strong></span> <span class='ocrx_word' id='word_1_86' title='bbox 617 1249 899 1313; x_wconf 78' lang='lat' dir='ltr'><strong>religionem</strong></span> <span class='ocrx_word' id='word_1_87' title='bbox 926 1250 1031 1312; x_wconf 85' lang='lat' dir='ltr'><strong>(cui</strong></span> <span class='ocrx_word' id='word_1_88' title='bbox 1073 1268 1161 1313; x_wconf 86' lang='lat' dir='ltr'><strong>pax</strong></span> <span class='ocrx_word' id='word_1_89' title='bbox 1194 1250 1437 1297; x_wconf 83' lang='lat' dir='ltr'><strong>interdum</strong></span> <span class='ocrx_word' id='word_1_90' title='bbox 1471 1261 1518 1297; x_wconf 93' lang='lat' dir='ltr'><strong>et</strong></span> <span class='ocrx_word' id='word_1_91' title='bbox 1550 1250 1836 1314; x_wconf 82' lang='lat' dir='ltr'><strong>prosperitas</strong></span> 
     </span>
     <span class='ocr_line' id='line_1_15' title="bbox 418 1327 1837 1392; baseline 0.001 -19"><span class='ocrx_word' id='word_1_92' title='bbox 418 1327 585 1373; x_wconf 83' lang='lat' dir='ltr'><strong>mundi</strong></span> <span class='ocrx_word' id='word_1_93' title='bbox 604 1327 883 1391; x_wconf 85' lang='lat' dir='ltr'><strong>famulatur)</strong></span> <span class='ocrx_word' id='word_1_94' title='bbox 908 1346 1092 1392; x_wconf 88' lang='lat' dir='ltr'><strong>semper</strong></span> <span class='ocrx_word' id='word_1_95' title='bbox 1111 1330 1300 1375; x_wconf 86' lang='lat' dir='ltr'><strong>amavit.</strong></span> <span class='ocrx_word' id='word_1_96' title='bbox 1323 1330 1423 1376; x_wconf 92' lang='lat' dir='ltr'><strong>Hoc</strong></span> <span class='ocrx_word' id='word_1_97' title='bbox 1446 1329 1567 1375; x_wconf 89' lang='lat' dir='ltr'><strong>fama</strong></span> <span class='ocrx_word' id='word_1_98' title='bbox 1586 1329 1837 1392; x_wconf 82' lang='lat' dir='ltr'><strong>multiplex</strong></span> 
     </span>
     <span class='ocr_line' id='line_1_16' title="bbox 418 1406 1839 1471; baseline 0.001 -19"><span class='ocrx_word' id='word_1_99' title='bbox 418 1407 705 1465; x_wconf 83' lang='lat' dir='ltr'><strong>adtestatur,</strong></span> <span class='ocrx_word' id='word_1_100' title='bbox 733 1406 823 1454; x_wconf 90' lang='lat' dir='ltr'><strong>hoc</strong></span> <span class='ocrx_word' id='word_1_101' title='bbox 847 1425 1047 1471; x_wconf 87' lang='lat' dir='ltr'><strong>operum</strong></span> <span class='ocrx_word' id='word_1_102' title='bbox 1082 1407 1377 1454; x_wconf 86' lang='lat' dir='ltr'><strong>exhibitione</strong></span> <span class='ocrx_word' id='word_1_103' title='bbox 1410 1408 1667 1455; x_wconf 84' lang='lat' dir='ltr'><strong>certissime</strong></span> <span class='ocrx_word' id='word_1_104' title='bbox 1702 1424 1839 1454; x_wconf 91' lang='lat' dir='ltr'><strong>com-</strong></span> 
     </span>
     <span class='ocr_line' id='line_1_17' title="bbox 420 1483 1839 1550; baseline 0 -21"><span class='ocrx_word' id='word_1_105' title='bbox 420 1483 670 1548; x_wconf 89' lang='lat' dir='ltr'><strong>probatur.</strong></span> <span class='ocrx_word' id='word_1_106' title='bbox 691 1484 829 1540; x_wconf 83' lang='lat' dir='ltr'><strong>Nam,</strong></span> <span class='ocrx_word' id='word_1_107' title='bbox 848 1484 961 1530; x_wconf 86' lang='lat' dir='ltr'><strong>dum</strong></span> <span class='ocrx_word' id='word_1_108' title='bbox 978 1495 1137 1548; x_wconf 85' lang='lat' dir='ltr'><strong>pastor</strong></span> <span class='ocrx_word' id='word_1_109' title='bbox 1149 1485 1352 1550; x_wconf 85' lang='lat' dir='ltr'><strong>quilibet</strong></span> <span class='ocrx_word' id='word_1_110' title='bbox 1367 1486 1606 1549; x_wconf 87' lang='lat' dir='ltr'><strong>completo</strong></span> <span class='ocrx_word' id='word_1_111' title='bbox 1620 1486 1731 1531; x_wconf 80' lang='lat' dir='ltr'><strong>vitae</strong></span> <span class='ocrx_word' id='word_1_112' title='bbox 1744 1502 1839 1530; x_wconf 82' lang='lat' dir='ltr'><strong>suae</strong></span> 
     </span>
     <span class='ocr_line' id='line_1_18' title="bbox 422 1562 1841 1627; baseline -0.001 -19"><span class='ocrx_word' id='word_1_113' title='bbox 422 1562 632 1609; x_wconf 89' lang='lat' dir='ltr'><strong>termino</strong></span> <span class='ocrx_word' id='word_1_114' title='bbox 662 1562 719 1608; x_wconf 92' lang='lat' dir='ltr'><strong>de</strong></span> <span class='ocrx_word' id='word_1_115' title='bbox 751 1562 931 1609; x_wconf 88' lang='lat' dir='ltr'><strong>mundo</strong></span> <span class='ocrx_word' id='word_1_116' title='bbox 957 1564 1205 1627; x_wconf 73' lang='lat' dir='ltr'><strong>migraret,</strong></span> <span class='ocrx_word' id='word_1_117' title='bbox 1240 1574 1284 1611; x_wconf 87' lang='lat' dir='ltr'><strong>et</strong></span> <span class='ocrx_word' id='word_1_118' title='bbox 1313 1564 1511 1611; x_wconf 85' lang='lat' dir='ltr'><strong>Ecclesia</strong></span> <span class='ocrx_word' id='word_1_119' title='bbox 1539 1564 1621 1611; x_wconf 90' lang='lat' dir='ltr'><strong>Dei</strong></span> <span class='ocrx_word' id='word_1_120' title='bbox 1643 1562 1841 1627; x_wconf 87' lang='lat' dir='ltr'><strong>proprio</strong></span> 
     </span>
     <span class='ocr_line' id='line_1_19' title="bbox 422 1639 1843 1705; baseline 0.001 -21"><span class='ocrx_word' id='word_1_121' title='bbox 422 1649 609 1686; x_wconf 87' lang='lat' dir='ltr'><strong>rectore</strong></span> <span class='ocrx_word' id='word_1_122' title='bbox 630 1639 816 1685; x_wconf 85' lang='lat' dir='ltr'><strong>viduata</strong></span> <span class='ocrx_word' id='word_1_123' title='bbox 840 1640 1024 1704; x_wconf 80' lang='lat' dir='ltr'><strong>lugeret</strong></span> <span class='ocrx_word' id='word_1_124' title='bbox 1042 1676 1054 1697; x_wconf 87' lang='lat'><strong>,</strong></span> <span class='ocrx_word' id='word_1_125' title='bbox 1090 1641 1319 1687; x_wconf 87' lang='lat' dir='ltr'><strong>sollicitus</strong></span> <span class='ocrx_word' id='word_1_126' title='bbox 1345 1642 1564 1705; x_wconf 86' lang='lat' dir='ltr'><strong>princeps</strong></span> <span class='ocrx_word' id='word_1_127' title='bbox 1586 1640 1843 1705; x_wconf 91' lang='lat' dir='ltr'><strong>prudentes</strong></span> 
     </span>
     <span class='ocr_line' id='line_1_20' title="bbox 424 1715 1846 1783; baseline 0.001 -22"><span class='ocrx_word' id='word_1_128' title='bbox 424 1716 600 1780; x_wconf 82' lang='lat' dir='ltr'><strong>legatos</strong></span> <span class='ocrx_word' id='word_1_129' title='bbox 620 1715 676 1762; x_wconf 91' lang='lat' dir='ltr'><strong>ad</strong></span> <span class='ocrx_word' id='word_1_130' title='bbox 696 1715 913 1762; x_wconf 84' lang='lat' dir='ltr'><strong>orbatam</strong></span> <span class='ocrx_word' id='word_1_131' title='bbox 930 1716 1127 1764; x_wconf 84' lang='lat' dir='ltr'><strong>domum</strong></span> <span class='ocrx_word' id='word_1_132' title='bbox 1143 1718 1380 1774; x_wconf 86' lang='lat' dir='ltr'><strong>mittebat,</strong></span> <span class='ocrx_word' id='word_1_133' title='bbox 1403 1735 1660 1783; x_wconf 86' lang='lat' dir='ltr'><strong>omnesque</strong></span> <span class='ocrx_word' id='word_1_134' title='bbox 1676 1736 1748 1764; x_wconf 90' lang='lat' dir='ltr'><strong>res</strong></span> <span class='ocrx_word' id='word_1_135' title='bbox 1764 1717 1846 1763; x_wconf 89' lang='lat' dir='ltr'><strong>Ec-</strong></span> 
     </span>
     <span class='ocr_line' id='line_1_21' title="bbox 427 1793 1845 1860; baseline 0 -20"><span class='ocrx_word' id='word_1_136' title='bbox 427 1793 599 1853; x_wconf 82' lang='lat' dir='ltr'><strong>clesiae,</strong></span> <span class='ocrx_word' id='word_1_137' title='bbox 620 1811 679 1840; x_wconf 92' lang='lat' dir='ltr'><strong>ne</strong></span> <span class='ocrx_word' id='word_1_138' title='bbox 701 1812 724 1840; x_wconf 90' lang='lat' dir='ltr'><strong>a</strong></span> <span class='ocrx_word' id='word_1_139' title='bbox 750 1793 963 1858; x_wconf 80' lang='lat' dir='ltr'><strong>profanis</strong></span> <span class='ocrx_word' id='word_1_140' title='bbox 991 1795 1231 1842; x_wconf 86' lang='lat' dir='ltr'><strong>tutoribus</strong></span> <span class='ocrx_word' id='word_1_141' title='bbox 1251 1796 1617 1860; x_wconf 87' lang='lat' dir='ltr'><strong>dissiparentur,</strong></span> <span class='ocrx_word' id='word_1_142' title='bbox 1645 1793 1845 1842; x_wconf 86' lang='lat' dir='ltr'><strong>describi</strong></span> 
     </span>
     <span class='ocr_line' id='line_1_22' title="bbox 426 1868 1848 1937; baseline 0.002 -22"><span class='ocrx_word' id='word_1_143' title='bbox 426 1868 644 1917; x_wconf 84' lang='lat' dir='ltr'><strong>faciebat.</strong></span> <span class='ocrx_word' id='word_1_144' title='bbox 662 1870 841 1918; x_wconf 91' lang='lat' dir='ltr'><strong>Deinde</strong></span> <span class='ocrx_word' id='word_1_145' title='bbox 859 1872 1080 1934; x_wconf 86' lang='lat' dir='ltr'><strong>praesules</strong></span> <span class='ocrx_word' id='word_1_146' title='bbox 1094 1883 1141 1919; x_wconf 93' lang='lat' dir='ltr'><strong>et</strong></span> <span class='ocrx_word' id='word_1_147' title='bbox 1157 1872 1366 1930; x_wconf 83' lang='lat' dir='ltr'><strong>abbates,</strong></span> <span class='ocrx_word' id='word_1_148' title='bbox 1383 1873 1596 1937; x_wconf 85' lang='lat' dir='ltr'><strong>aliosque</strong></span> <span class='ocrx_word' id='word_1_149' title='bbox 1615 1873 1848 1935; x_wconf 83' lang='lat' dir='ltr'><strong>sapientes</strong></span> 
     </span>
     <span class='ocr_line' id='line_1_23' title="bbox 429 1949 1848 2016; baseline 0.001 -22"><span class='ocrx_word' id='word_1_150' title='bbox 429 1949 725 1997; x_wconf 87' lang='lat' dir='ltr'><strong>consiliarios</strong></span> <span class='ocrx_word' id='word_1_151' title='bbox 744 1949 1060 2007; x_wconf 84' lang='lat' dir='ltr'><strong>convocabat,</strong></span> <span class='ocrx_word' id='word_1_152' title='bbox 1085 1961 1130 1997; x_wconf 89' lang='lat' dir='ltr'><strong>et</strong></span> <span class='ocrx_word' id='word_1_153' title='bbox 1148 1968 1314 1998; x_wconf 89' lang='lat' dir='ltr'><strong>eorum</strong></span> <span class='ocrx_word' id='word_1_154' title='bbox 1335 1952 1536 1998; x_wconf 89' lang='lat' dir='ltr'><strong>consilio</strong></span> <span class='ocrx_word' id='word_1_155' title='bbox 1556 1951 1661 2016; x_wconf 85' lang='lat' dir='ltr'><strong>quis</strong></span> <span class='ocrx_word' id='word_1_156' title='bbox 1679 1950 1848 1997; x_wconf 85' lang='lat' dir='ltr'><strong>melior</strong></span> 
     </span>
     <span class='ocr_line' id='line_1_24' title="bbox 428 2027 1848 2094; baseline -0.001 -20"><span class='ocrx_word' id='word_1_157' title='bbox 428 2038 475 2074; x_wconf 87' lang='lat' dir='ltr'><strong>et</strong></span> <span class='ocrx_word' id='word_1_158' title='bbox 496 2027 663 2074; x_wconf 92' lang='lat' dir='ltr'><strong>utilior</strong></span> <span class='ocrx_word' id='word_1_159' title='bbox 684 2038 780 2074; x_wconf 90' lang='lat' dir='ltr'><strong>tam</strong></span> <span class='ocrx_word' id='word_1_160' title='bbox 803 2029 851 2074; x_wconf 90' lang='lat' dir='ltr'><strong>in</strong></span> <span class='ocrx_word' id='word_1_161' title='bbox 877 2028 1050 2075; x_wconf 85' lang='lat' dir='ltr'><strong>divinis</strong></span> <span class='ocrx_word' id='word_1_162' title='bbox 1070 2029 1212 2077; x_wconf 89' lang='lat' dir='ltr'><strong>rebus</strong></span> <span class='ocrx_word' id='word_1_163' title='bbox 1235 2047 1378 2094; x_wconf 88' lang='lat' dir='ltr'><strong>quam</strong></span> <span class='ocrx_word' id='word_1_164' title='bbox 1402 2030 1450 2076; x_wconf 92' lang='lat' dir='ltr'><strong>in</strong></span> <span class='ocrx_word' id='word_1_165' title='bbox 1472 2027 1774 2077; x_wconf 82' lang='lat' dir='ltr'><strong>saecularibus</strong></span> <span class='ocrx_word' id='word_1_166' title='bbox 1791 2027 1848 2074; x_wconf 90' lang='lat' dir='ltr'><strong>ad</strong></span> 
     </span>
     <span class='ocr_line' id='line_1_25' title="bbox 429 2104 1847 2171; baseline 0 -21"><span class='ocrx_word' id='word_1_167' title='bbox 429 2104 684 2169; x_wconf 84' lang='lat' dir='ltr'><strong>regendam</strong></span> <span class='ocrx_word' id='word_1_168' title='bbox 715 2105 800 2151; x_wconf 90' lang='lat' dir='ltr'><strong>Dei</strong></span> <span class='ocrx_word' id='word_1_169' title='bbox 837 2105 1035 2152; x_wconf 91' lang='lat' dir='ltr'><strong>domum</strong></span> <span class='ocrx_word' id='word_1_170' title='bbox 1066 2106 1334 2166; x_wconf 89' lang='lat' dir='ltr'><strong>videretur,</strong></span> <span class='ocrx_word' id='word_1_171' title='bbox 1375 2123 1677 2171; x_wconf 88' lang='lat' dir='ltr'><strong>summopere</strong></span> <span class='ocrx_word' id='word_1_172' title='bbox 1711 2105 1847 2151; x_wconf 88' lang='lat' dir='ltr'><strong>inda-</strong></span> 
     </span>
     <span class='ocr_line' id='line_1_26' title="bbox 429 2181 1848 2249; baseline 0.001 -21"><span class='ocrx_word' id='word_1_173' title='bbox 429 2181 587 2247; x_wconf 82' lang='lat' dir='ltr'><strong>gabat.</strong></span> <span class='ocrx_word' id='word_1_174' title='bbox 621 2183 839 2247; x_wconf 89' lang='lat' dir='ltr'><strong>Denique</strong></span> <span class='ocrx_word' id='word_1_175' title='bbox 864 2183 1024 2242; x_wconf 89' lang='lat' dir='ltr'><strong>illum,</strong></span> <span class='ocrx_word' id='word_1_176' title='bbox 1050 2202 1193 2249; x_wconf 90' lang='lat' dir='ltr'><strong>quem</strong></span> <span class='ocrx_word' id='word_1_177' title='bbox 1219 2202 1309 2249; x_wconf 91' lang='lat' dir='ltr'><strong>pro</strong></span> <span class='ocrx_word' id='word_1_178' title='bbox 1335 2185 1444 2231; x_wconf 83' lang='lat' dir='ltr'><strong>vitae</strong></span> <span class='ocrx_word' id='word_1_179' title='bbox 1474 2185 1672 2242; x_wconf 87' lang='lat' dir='ltr'><strong>merito,</strong></span> <span class='ocrx_word' id='word_1_180' title='bbox 1699 2194 1747 2230; x_wconf 92' lang='lat' dir='ltr'><strong>et</strong></span> <span class='ocrx_word' id='word_1_181' title='bbox 1782 2201 1848 2230; x_wconf 80' lang='lat' dir='ltr'><strong>sa-</strong></span> 
     </span>
     <span class='ocr_line' id='line_1_27' title="bbox 429 2259 1848 2326; baseline 0 -21"><span class='ocrx_word' id='word_1_182' title='bbox 429 2260 623 2323; x_wconf 78' lang='lat' dir='ltr'><strong>pientiae</strong></span> <span class='ocrx_word' id='word_1_183' title='bbox 653 2259 871 2307; x_wconf 86' lang='lat' dir='ltr'><strong>doctrina</strong></span> <span class='ocrx_word' id='word_1_184' title='bbox 908 2263 1119 2325; x_wconf 88' lang='lat' dir='ltr'><strong>provisio</strong></span> <span class='ocrx_word' id='word_1_185' title='bbox 1152 2263 1418 2326; x_wconf 84' lang='lat' dir='ltr'><strong>sapientum</strong></span> <span class='ocrx_word' id='word_1_186' title='bbox 1457 2260 1682 2325; x_wconf 84' lang='lat' dir='ltr'><strong>eligebat,</strong></span> <span class='ocrx_word' id='word_1_187' title='bbox 1708 2259 1848 2307; x_wconf 90' lang='lat' dir='ltr'><strong>beni-</strong></span> 
     </span>
     <span class='ocr_line' id='line_1_28' title="bbox 430 2338 1848 2405; baseline 0.001 -23"><span class='ocrx_word' id='word_1_188' title='bbox 430 2338 566 2385; x_wconf 89' lang='lat' dir='ltr'><strong>volus</strong></span> <span class='ocrx_word' id='word_1_189' title='bbox 597 2357 679 2386; x_wconf 88' lang='lat' dir='ltr'><strong>rex</strong></span> <span class='ocrx_word' id='word_1_190' title='bbox 712 2338 1086 2402; x_wconf 85' lang='lat' dir='ltr'><strong>dispensatorem</strong></span> <span class='ocrx_word' id='word_1_191' title='bbox 1115 2352 1161 2387; x_wconf 90' lang='lat' dir='ltr'><strong>et</strong></span> <span class='ocrx_word' id='word_1_192' title='bbox 1184 2351 1419 2388; x_wconf 88' lang='lat' dir='ltr'><strong>rectorem</strong></span> <span class='ocrx_word' id='word_1_193' title='bbox 1450 2340 1743 2405; x_wconf 86' lang='lat' dir='ltr'><strong>episcopatus</strong></span> <span class='ocrx_word' id='word_1_194' title='bbox 1778 2339 1848 2386; x_wconf 91' lang='lat' dir='ltr'><strong>vel</strong></span> 
     </span>
     <span class='ocr_line' id='line_1_29' title="bbox 431 2413 1849 2465; baseline 0.001 -5"><span class='ocrx_word' id='word_1_195' title='bbox 431 2413 634 2461; x_wconf 84' lang='lat' dir='ltr'><strong>abbatiae</strong></span> <span class='ocrx_word' id='word_1_196' title='bbox 669 2415 1003 2462; x_wconf 86' lang='lat' dir='ltr'><strong>constituebat.</strong></span> <span class='ocrx_word' id='word_1_197' title='bbox 1036 2419 1174 2464; x_wconf 89' lang='lat' dir='ltr'><strong>Hanc</strong></span> <span class='ocrx_word' id='word_1_198' title='bbox 1207 2418 1436 2464; x_wconf 88' lang='lat' dir='ltr'><strong>nimirum</strong></span> <span class='ocrx_word' id='word_1_199' title='bbox 1469 2417 1849 2465; x_wconf 86' lang='lat' dir='ltr'><strong>observationem</strong></span> 
     </span>
    </p>
   </div>
   <div class='ocr_carea' id='block_1_3' title="bbox 432 2622 1849 2791">
    <p class='ocr_par' dir='ltr' id='par_1_4' title="bbox 432 2622 1849 2791">
     <span class='ocr_line' id='line_1_30' title="bbox 477 2622 1849 2674; baseline 0 -19"><span class='ocrx_word' id='word_1_200' title='bbox 477 2624 527 2666; x_wconf 81' lang='grc' dir='ltr'><strong>(ι)</strong></span> <span class='ocrx_word' id='word_1_201' title='bbox 554 2623 735 2663; x_wconf 82' lang='lat' dir='ltr'><strong>Thomas,</strong></span> <span class='ocrx_word' id='word_1_202' title='bbox 761 2624 922 2670; x_wconf 77' lang='lat' dir='ltr'><strong>premier</strong></span> <span class='ocrx_word' id='word_1_203' title='bbox 940 2624 990 2658; x_wconf 84' lang='lat' dir='ltr'><strong>du</strong></span> <span class='ocrx_word' id='word_1_204' title='bbox 1016 2637 1122 2669; x_wconf 85' lang='lat' dir='ltr'><strong>nom,</strong></span> <span class='ocrx_word' id='word_1_205' title='bbox 1153 2628 1380 2674; x_wconf 69' lang='lat' dir='ltr'><strong>archechue</strong></span> <span class='ocrx_word' id='word_1_206' title='bbox 1398 2626 1553 2667; x_wconf 70' lang='lat' dir='ltr'><strong>d’York,</strong></span> <span class='ocrx_word' id='word_1_207' title='bbox 1582 2623 1780 2670; x_wconf 69' lang='lat' dir='ltr'><strong>origin-aire</strong></span> <span class='ocrx_word' id='word_1_208' title='bbox 1804 2622 1849 2656; x_wconf 74' lang='lat' dir='ltr'><strong>dc</strong></span> 
     </span>
     <span class='ocr_line' id='line_1_31' title="bbox 433 2681 1849 2733; baseline 0 -19"><span class='ocrx_word' id='word_1_209' title='bbox 433 2681 585 2725; x_wconf 38' lang='lat' dir='ltr'><strong>Bai-eux.</strong></span> <span class='ocrx_word' id='word_1_210' title='bbox 609 2686 712 2718; x_wconf 59' lang='lat' dir='ltr'><strong>(Ioue</strong></span> <span class='ocrx_word' id='word_1_211' title='bbox 732 2684 960 2718; x_wconf 82' lang='lat' dir='ltr'><strong>nomination</strong></span> <span class='ocrx_word' id='word_1_212' title='bbox 984 2692 1045 2720; x_wconf 76' lang='lat' dir='ltr'><strong>cut</strong></span> <span class='ocrx_word' id='word_1_213' title='bbox 1066 2686 1139 2721; x_wconf 83' lang='lat' dir='ltr'><strong>lieu</strong></span> <span class='ocrx_word' id='word_1_214' title='bbox 1169 2687 1200 2722; x_wconf 88' lang='lat' dir='ltr'><strong>lc</strong></span> <span class='ocrx_word' id='word_1_215' title='bbox 1219 2688 1305 2733; x_wconf 85' lang='lat' dir='ltr'><strong>jour</strong></span> <span class='ocrx_word' id='word_1_216' title='bbox 1323 2687 1368 2722; x_wconf 89' lang='lat' dir='ltr'><strong>dc</strong></span> <span class='ocrx_word' id='word_1_217' title='bbox 1394 2687 1426 2721; x_wconf 87' lang='lat' dir='ltr'><strong>la</strong></span> <span class='ocrx_word' id='word_1_218' title='bbox 1452 2684 1659 2720; x_wconf 26' lang='lat' dir='ltr'><strong>Pentecfito*</strong></span> <span class='ocrx_word' id='word_1_219' title='bbox 1688 2683 1849 2716; x_wconf 64' lang='lat' dir='ltr'><strong>Thomas</strong></span> 
     </span>
     <span class='ocr_line' id='line_1_32' title="bbox 432 2740 1545 2791; baseline 0.004 -18"><span class='ocrx_word' id='word_1_220' title='bbox 432 2740 552 2774; x_wconf 69' lang='lat' dir='ltr'><strong>n&#39;ctait</strong></span> <span class='ocrx_word' id='word_1_221' title='bbox 578 2756 638 2787; x_wconf 71' lang='lat' dir='ltr'><strong>pas</strong></span> <span class='ocrx_word' id='word_1_222' title='bbox 657 2744 843 2788; x_wconf 64' lang='lat' dir='ltr'><strong>cliapvlain</strong></span> <span class='ocrx_word' id='word_1_223' title='bbox 865 2744 912 2778; x_wconf 84' lang='lat' dir='ltr'><strong>du</strong></span> <span class='ocrx_word' id='word_1_224' title='bbox 935 2746 985 2779; x_wconf 73' lang='lat' dir='ltr'><strong>roi</strong></span> <span class='ocrx_word' id='word_1_225' title='bbox 1002 2774 1009 2786; x_wconf 78' lang='lat'>‚</span> <span class='ocrx_word' id='word_1_226' title='bbox 1030 2748 1118 2781; x_wconf 77' lang='lat' dir='ltr'><strong>mais</strong></span> <span class='ocrx_word' id='word_1_227' title='bbox 1136 2748 1314 2782; x_wconf 77' lang='lat' dir='ltr'><strong>chanoinc</strong></span> <span class='ocrx_word' id='word_1_228' title='bbox 1333 2747 1377 2781; x_wconf 82' lang='lat' dir='ltr'><strong>dc</strong></span> <span class='ocrx_word' id='word_1_229' title='bbox 1395 2747 1545 2791; x_wconf 69' lang='lat' dir='ltr'><strong>Bayeux.</strong></span> 
     </span>
    </p>
   </div>
  </div>
 </body>
</html>
