1951 3194
168 252 306 302 [1066]
654 249 809 290 LIBER
837 249 1072 290 TERTIUS.
1513 254 1593 290 119»

166 329 326 377 dilecti
344 329 466 393 regis
482 328 635 376 adhuc
649 330 858 378 maderet
871 330 1061 377 fletibus
1073 365 1087 387 ‚
1110 347 1134 376 a
1149 329 1250 378 solo
1267 329 1495 395 Stigando
1512 331 1586 395 (1)

169 407 524 472 archiepiscopo
548 408 713 473 (quem
735 410 979 456 Romanus
1001 427 1118 474 papa
1143 408 1448 473 suspenderat
1469 427 1494 455 a
1517 409 1592 456 di-

174 486 293 532 vinis
312 486 474 532 officiis
493 503 582 549 pro
604 485 886 551 quibusdam
908 485 1209 549 criminibus)
1228 487 1327 534 sine
1347 487 1591 534 communi

172 581 405 611 consensu
424 565 629 611 aliorum
647 563 907 627 praesulum
925 574 970 610 et
990 564 1223 612 comitum
1242 582 1593 630 procerumque

172 652 499 700 consecratus,
527 642 695 688 furtim
721 642 972 704 praeripuit
996 642 1270 689 diadematis
1296 654 1341 691 et
1366 661 1593 708 purpurae

171 720 330 767 decus.
369 719 625 767 Audientes
666 729 825 765 autem
860 717 1000 783 Angli
1048 721 1346 766 temerariam
1394 721 1597 768 invasio-

173 815 306 855 nem,
333 815 475 863 quam
498 795 727 844 Heralclus
752 796 954 853 fecerat,
982 797 1090 843 irati
1117 807 1256 854 sunt,
1285 809 1332 844 et
1353 800 1597 861 potentio-

172 893 281 922 rum
314 874 537 922 nonnulli
575 874 769 921 fortiter
804 873 1033 921 obsistere
1065 875 1218 938 parati
1248 893 1272 920 a
1303 875 1597 936 subjectione

173 955 270 1017 ejus
294 954 494 1000 omnino
520 952 873 999 abstinuerunt.
900 951 994 998 Alii
1018 969 1133 999 vero
1158 953 1420 999 nescientes
1442 953 1596 1017 quali-

173 1042 246 1078 ter
269 1031 575 1096 tyrannidem
599 1032 696 1095 ejus
722 1030 848 1095 (quae
870 1031 969 1093 jam
993 1048 1134 1094 super
1159 1048 1238 1078 eos
1269 1031 1411 1077 nimis
1435 1049 1598 1078 excre-

171 1109 332 1172 verat)
358 1108 632 1164 evaderent,
661 1119 709 1154 et
735 1125 758 1154 e
784 1118 950 1154 contra
981 1108 1331 1156 considerantes
1356 1110 1485 1174 quod
1512 1128 1600 1157 nec

173 1186 308 1232 illum
332 1187 558 1251 dejicere,
584 1204 671 1233 nec
695 1186 843 1232 alium
864 1204 1025 1251 regem
1051 1188 1153 1251 ipso
1173 1199 1402 1252 regnante
1424 1188 1481 1235 ad
1502 1190 1597 1236 uti-

172 1264 355 1311 litatem
380 1265 513 1328 regni
538 1264 825 1311 substituere
842 1265 1074 1322 valerent,
1098 1265 1218 1312 colla
1239 1268 1336 1330 ejus
1352 1268 1470 1331 jugo
1493 1266 1600 1313 sub-

173 1343 434 1401 miserunt,
454 1343 670 1408 viresque
690 1342 920 1400 facinori,
943 1343 1076 1408 quod
1102 1343 1430 1401 inchoaverat,
1453 1362 1598 1392 auxe-

173 1430 306 1465 runt.
347 1420 464 1467 Mox
500 1420 597 1483 ipse
634 1437 836 1484 regnum
855 1456 867 1477 ‚
905 1420 1035 1485 quod
1071 1422 1293 1485 nequiter
1330 1422 1590 1479 invaserat,

174 1495 424 1545 horrendis
448 1497 701 1545 sceleribus
726 1498 994 1544 maculavit.

237 1575 469 1623 Edwinus
508 1594 622 1624 vero
663 1587 709 1622 et
742 1577 989 1623 Mol-carus
1033 1577 1229 1624 comites
1248 1612 1262 1633 ‚
1307 1577 1392 1623 filii
1434 1577 1594 1641 Algari

174 1654 399 1717 praecipui
437 1654 643 1702 consulis
669 1654 770 1718 (2),
804 1653 1008 1701 Heraldo
1037 1654 1357 1701 familiaritate
1387 1654 1598 1702 adhaese-

172 1742 313 1792 runt,
332 1750 535 1798 eumque
546 1736 712 1797 juvare
732 1743 837 1780 toto
854 1733 1104 1779 conamine
1123 1733 1211 1779 nisi
1233 1744 1345 1779 sunt
1358 1767 1370 1789 ‚
1392 1750 1447 1780 eo
1465 1733 1596 1798 quod

173 1809 270 1873 ipse
298 1809 528 1874 Edgivam
561 1828 774 1858 sororem
800 1828 968 1857 eorum
991 1828 1192 1858 uxorem
1221 1809 1423 1858 habebat
1439 1847 1451 1868 ,
1486 1829 1593 1876 quae

173 1886 304 1949 prius
332 1885 554 1933 Gritfridi
578 1886 825 1934 fortissimi
850 1887 971 1951 regis
991 1887 1279 1934 Guallorum
1298 1889 1473 1951 conjux
1492 1887 1594 1934 fue-

174 1973 272 2020 rat,
300 1965 437 2028 eique
458 1964 709 2012 Blidenum
731 1965 866 2029 regni
892 1981 1233 2021 successorem,
1258 1975 1304 2011 et
1328 1964 1472 2012 filiam
1498 1982 1595 2011 no-

175 2042 304 2089 mine
349 2042 465 2089 Nest
507 2053 754 2107 pepererat
801 2042 1078 2106 (3).Tu11c
1119 2042 1338 2090 Tosticus
1380 2041 1592 2089 Goduini

223 2264 272 2310 (1)
299 2265 384 2300 Ceci
402 2272 456 2300 est
471 2278 544 2300 une
562 2277 690 2300 erreur
703 2264 766 2298 des
784 2263 984 2298 historiens
999 2263 1211 2298 normands.
1233 2263 1375 2299 Harold
1392 2276 1437 2299 ne
1453 2264 1512 2299 fut
1527 2275 1590 2310 pas

177 2326 363 2358 couronne'
380 2337 446 2370 par
462 2324 633 2371 Sfigand,
655 2323 745 2358 mais
761 2335 826 2370 par
842 2322 981 2358 Aldred
993 2350 1002 2366 ‚
1024 2323 1251 2370 archeveque
1269 2322 1416 2357 d'York.

225 2391 274 2436 (2)
300 2392 348 2425 Le
363 2399 481 2426 comte
495 2392 632 2439 Alfgar,
649 2398 746 2425 mort
759 2404 805 2426 en
828 2389 915 2425 1065
927 2418 935 2433 ‚
959 2389 1012 2424 fils
1032 2390 1083 2424 du
1098 2397 1217 2424 comte
1237 2389 1401 2424 Leofiric.

224 2456 274 2503 (5)
301 2458 432 2501 Edith‚
454 2458 588 2492 mariee
606 2471 651 2493 en
670 2458 869 2505 premieres
887 2469 994 2492 noces
1011 2459 1031 2491 a
1049 2454 1519 2503 Griffith-ap-Lhewellyn,
1539 2456 1595 2489 roi

181 2517 231 2552 du
250 2516 532 2552 North-Wales.
550 2517 655 2559 Nest‚
675 2517 755 2551 leur
773 2516 857 2557 fille,
879 2518 984 2562 apres
1003 2517 1103 2550 avoir
1116 2517 1173 2550 ete
1189 2515 1330 2549 seduite
1346 2526 1412 2560 par
1428 2513 1595 2558 Fleance‚

182 2577 235 2612 fils
249 2577 294 2612 de
310 2578 459 2625 Banquo
473 2577 550 2624 (qui
571 2577 687 2622 figure
703 2576 791 2610 dans
809 2576 841 2610 la
855 2576 1022 2622 tragedie
1037 2575 1083 2609 de
1097 2574 1274 2609 Blachetlz
1286 2602 1293 2616 ,
1311 2580 1346 2608 et
1367 2573 1429 2621 qui
1446 2586 1537 2621 paya
1550 2573 1596 2608 de

183 2648 219 2670 sa
235 2637 310 2671 tete
328 2643 420 2671 cette
438 2635 665 2683 ingratitudo
680 2646 806 2669 envers
825 2646 889 2667 son
909 2633 1011 2680 bote)
1023 2661 1032 2676 ,
1054 2635 1187 2679 epousa
1205 2632 1598 2679 Trahaern-ap<Cara-

184 2693 271 2737 doc3
290 2695 432 2730 celui-ci
452 2693 602 2729 succe'da
619 2695 636 2727 ἐι
654 2691 806 2728 Griffith
825 2693 928 2738 apres
944 2691 1100 2737 Blethyn
1116 2698 1153 2726 et
1166 2690 1365 2734 Rivalhon‚
1381 2691 1497 2726 freres
1515 2692 1599 2725 ute'-

186 2753 260 2787 rins
275 2753 318 2788 dc
338 2768 377 2790 cc
398 2755 557 2789 dernier.
579 2754 670 2787 (I’vst
695 2752 739 2787 dc
761 2751 914 2797 Blethyn
935 2764 1005 2798 quc
1029 2757 1134 2786 notre
1153 2758 1283 2786 auteur
1302 2764 1321 2785 a
1341 2751 1447 2786 voulu
1465 2750 1598 2797 parler,
