1951 3194
161 236 413 285 [1061-1066
416 238 429 285 J
657 233 810 272 LIBER
840 233 1074 273 TERTIUS.
1503 240 1573 277 115

158 314 316 362 ordini
347 313 711 378 competebant,
748 314 966 361 alacriter
994 313 1261 362 exhibebat.
1297 317 1471 364 Eundo
1499 319 1573 364 vel

158 392 416 458 equitando
433 410 530 457 quo
547 391 634 438 sibi
650 391 909 457 jubebatur
927 391 1050 450 ibat,
1073 404 1120 440 et
1141 394 1462 441 ecclesiasticis
1481 396 1574 441 uti-

157 469 370 517 litatibus
400 489 489 535 pro
517 488 651 536 posse
677 487 762 518 suo
791 469 948 516 verbis
978 481 1025 517 et
1048 471 1315 519 actionibus
1342 474 1574 520 instanter

157 548 465 596 deserviebat.
492 550 631 595 Hunc
653 548 881 594 nimirum
908 547 1150 596 Osbernus
1174 549 1316 597 abbas
1343 552 1448 615 plus
1472 552 1574 598 aliis

158 626 408 692 diligebat,
439 638 487 674 et
511 627 557 672 in
586 627 686 689 ipso
710 625 843 672 valde
866 625 996 671 velut
1020 627 1067 672 in
1093 644 1178 674 suo
1200 629 1400 693 proprio
1423 629 1576 677 confi‹

158 703 315 750 debat.
337 703 475 750 Unde
498 703 554 750 ad
578 720 751 750 novam
775 700 1041 759 basilicam,
1064 721 1208 768 quam
1233 706 1455 754 inchoare
1478 707 1578 753 dis-

158 780 393 844 ponebat,
429 798 590 826 curam
620 791 668 827 et
703 780 962 844 impensas,
996 781 1417 848 magisteriumque
1453 785 1578 832 lato—

159 874 350 904 morum
372 857 413 903 ei
440 854 820 903 commendabat.

222 934 453 980 Praefatus
475 944 627 998 pater,
658 933 795 997 hujus
826 934 1010 981 Ricardi
1039 934 1261 999 precibus
1285 947 1332 983 et
1358 936 1577 995 hortatu,

160 1012 407 1058 Franciam
443 1010 585 1068 adiit,
621 1023 668 1058 et
699 1010 998 1058 Rodbertum
1034 1013 1339 1078 eloquentem
1371 1033 1423 1061 ac
1458 1016 1584 1063 Her-

158 1090 352 1137 bertum
375 1088 432 1137 de
457 1090 657 1136 Serranz
692 1091 765 1153 (1)
794 1100 841 1136 et
867 1091 1118 1137 Fulcoium
1153 1091 1210 1138 de
1239 1092 1453 1140 Caldreio
1478 1094 1550 1157 (2)
1565 1129 1580 1151 ,

160 1168 370 1233 aliosque
415 1167 590 1214 milites
631 1177 678 1213 et
722 1166 932 1231 plebeios
980 1168 1361 1217 Vilcassinienses
1410 1170 1467 1216 ad
1511 1171 1583 1217 sui

161 1247 385 1293 notitiam
414 1245 541 1291 dulci
574 1245 816 1309 colloquio
855 1246 1101 1302 invitavit,
1136 1246 1437 1312 fundumque
1468 1248 1587 1295 Hel-

161 1321 466 1368 drici-Cortis
485 1320 693 1385 praefatis
711 1321 990 1384 proceribus
1010 1333 1057 1368 et
1074 1323 1242 1369 vicinis
1263 1323 1585 1371 annuentibus

163 1408 210 1445 et
244 1397 650 1462 congaudentibus
691 1398 739 1443 in
776 1398 1047 1446 dominium
1079 1400 1126 1445 S.
1161 1399 1350 1446 Ehrulfi
1384 1401 1582 1464 recepit.

164 1473 277 1521 Inde
290 1474 478 1520 rediens
496 1474 545 1519 in
566 1474 740 1520 lectum
760 1473 951 1520 decidit.
971 1479 1083 1520 Post
1099 1475 1283 1539 aliquot
1297 1476 1393 1523 dies
1409 1474 1584 1524 morbo

163 1552 515 1615 ingravescente
542 1551 590 1596 in
620 1551 877 1614 capitulum
899 1551 1126 1598 deductus
1145 1553 1304 1612 venit,
1326 1565 1373 1600 et
1402 1555 1583 1619 episto-

162 1629 282 1688 lam,
315 1647 458 1695 quam
482 1628 762 1676 Alexandro
797 1647 930 1694 papae
973 1631 1150 1677 misisse
1185 1631 1402 1678 eumdem
1442 1650 1581 1697 supra

161 1706 391 1767 diximus,
410 1707 564 1771 palam
586 1707 774 1754 recitari
794 1709 952 1771 jussit.
974 1708 1113 1768 Quod
1138 1709 1200 1754 ita
1223 1709 1401 1755 factum
1418 1720 1505 1769 est,
1525 1721 1580 1756 ut

162 1784 346 1830 cunctis
361 1783 664 1830 manifestum
678 1783 812 1831 fieret
823 1784 952 1848 quod
964 1785 1061 1848 ipse
1081 1783 1316 1860 abbatiam
1330 1786 1578 1834 Rodberto

163 1861 321 1907 abbati
342 1880 439 1909 11011
462 1862 764 1925 surripuisset
777 1897 788 1917 ,
816 1861 895 1908 secl
912 1863 1089 1908 invitus
1108 1880 1160 1908 ac
1176 1862 1460 1910 obedientiae
1478 1865 1581 1911 vio·-

161 1938 306 1985 lentia
321 1949 508 1985 coactus
522 1939 734 2002 regimen
749 1939 1040 2003 suscepisset.
1059 1939 1275 2003 Denique
1290 1940 1459 1987 fratres
1474 1940 1582 1988 hor·

159 2026 261 2062 tatu
283 2015 633 2075 corroboravit,
650 2034 702 2062 ac
717 2027 771 2062 ut
787 2015 876 2062 sibi
895 2027 1047 2063 errata
1072 2016 1390 2081 indulgerent,
1413 2019 1579 2084 suique

158 2112 393 2142 memores
417 2104 597 2153 essent,
621 2093 901 2141 obsecravit.
931 2095 1100 2160 Sicque
1120 2094 1223 2141 data
1249 2095 1575 2157 confessione,

159 2191 212 2219 ac
247 2183 537 2220 sacrosancta
571 2173 811 2220 Dominici
843 2174 1056 2237 corporis
1096 2183 1316 2238 percepta
1355 2191 1577 2221 commu-

159 2250 331 2309 nione,
353 2261 606 2315 postquam
626 2249 930 2297 moderamen
951 2250 1185 2298 Uticensis
1205 2251 1410 2297 ecclesiae
1430 2252 1576 2315 quin-

159 2344 251 2391 que
274 2329 407 2373 annis
431 2339 477 2375 et
500 2328 652 2375 tribus
669 2327 909 2375 mensibus
929 2329 1086 2375 tenuit
1101 2365 1114 2386 ,
1136 2338 1205 2375 v1⁰
1228 2328 1320 2373 kal.
1345 2329 1470 2391 junii
1495 2330 1569 2392 (3)

160 2406 286 2452 inter
320 2423 486 2451 manus
519 2405 724 2452 fratrum
756 2407 938 2453 litanias
973 2424 1063 2471 pro
1098 2425 1153 2454 eo
1184 2407 1259 2470 pie
1292 2407 1567 2453 canentium

226 2611 255 2657 1)
283 2608 697 2652 Seraus-le-Bouteiller‚
717 2611 799 2656 pres
817 2611 955 2657 Magni.

222 2670 256 2715 ¹2)
282 2668 446 2704 Cbaudri
459 2696 468 2709 ,
490 2668 643 2703 hameau
661 2668 706 2702 de
725 2669 870 2703 Parnes„

222 2727 255 2768 3)
282 2729 328 2761 Le
348 2740 389 2773 '27
410 2728 478 2761 mai
506 2727 601 2760 1066.

206 2612 218 2657 (

207 2670 218 2715 (

208 2728 217 2744 l
