2091 3465
431 428 877 494 ORDERICI
923 426 1308 495 VITALlS

716 602 1023 633 ANGLIGENAE

166 732 992 815 ECCLESIASTICAE
1052 733 1574 815 HISTORIAE

495 923 725 977 LIBER
772 920 1114 978 TERTIUS
1142 916 1239 982 (Ι).

672 1185 1064 1232 PROLOGUS.

167 1295 255 1356 An
288 1309 575 1357 laudandum
614 1312 888 1358 Creatorem
924 1311 971 1356 in
1008 1311 1192 1356 cunetis
1226 1312 1450 1376 operibus
1486 1314 1580 1359 suis

168 1386 489 1434 indesinenter
519 1388 692 1434 instare
723 1386 972 1443 debemus,
1007 1390 1137 1451 cujus
1170 1388 1460 1435 ineffabilem
1491 1407 1583 1453 po-

168 1466 365 1511 tentiam
406 1475 453 1511 et
485 1464 864 1529 magnitudinem
900 1466 1135 1512 discutere
1168 1482 1268 1511 non
1301 1483 1580 1529 possumus,

164 1559 252 1587 nec
276 1542 551 1598 efficaciam,
580 1559 671 1606 qua
688 1540 953 1587 sublimitas
978 1543 1074 1605 ejus
1095 1553 1141 1587 et
1168 1541 1476 1606 infatigabilis
1499 1542 1581 1590 be-

164 1620 371 1684 nignitas
389 1638 411 1665 a
426 1620 565 1667 nobis
584 1620 792 1667 enarrari
809 1620 973 1683 possit,
997 1618 1241 1666 habemus.
1263 1620 1378 1667 Inde
1396 1621 1584 1669 Veteris

165 1709 211 1744 et
234 1698 357 1744 Novi
375 1698 665 1744 Testamenti
684 1699 852 1762 pagina
878 1708 1071 1753 tractat,
1095 1697 1204 1744 inde
1228 1699 1385 1745 omnis
1400 1701 1585 1764 sapiens

166 1786 493 1839 perscrutatur
517 1788 564 1822 et
593 1776 796 1840 eogitat;
825 1775 903 1822 sed
935 1776 1303 1823 immensitatem
1326 1777 1585 1841 profundi-

166 1863 317 1898 tatum
341 1852 425 1899 Dei
455 1870 598 1900 nemo
632 1864 867 1917 penetrat.
898 1853 1104 1900 Scientia
1136 1853 1377 1900 eharitatis
1407 1854 1582 1901 Christi

165 1931 483 1994 supereminet
505 1931 638 1978 omni
663 1929 883 1976 humanae
908 1931 1200 1994 prudentiae3
1224 1950 1368 1997 quam
1386 1933 1582 1980 investi-

164 2027 273 2072 gare
292 2020 338 2056 et
359 2009 597 2073 amplecti,
618 2019 816 2073 totoque
837 2010 943 2055 nisu
964 2010 1093 2074 sequi
1108 2013 1293 2073 justum
1313 2021 1399 2067 est,
1418 2022 1465 2057 et
1480 2012 1582 2075 ple-

166 2105 282 2132 num
301 2088 459 2133 salutis
480 2098 738 2151 perpetuae.
766 2086 839 2133 Ob
858 2086 948 2132 hoc
964 2087 1089 2133 beati
1112 2087 1352 2144 homines,
1372 2106 1582 2152 quorum

164 2165 262 2210 laus
282 2174 349 2211 est
368 2165 414 2210 in
434 2163 717 2210 authenticis
734 2164 995 2221 codicibus,
1017 2175 1063 2211 et
1082 2166 1242 2212 sociati
1264 2166 1439 2229 angelis
1465 2185 1581 2212 ‹rau-

1462 2204 1489 2230 υ

166 2241 280 2288 (lent
304 2243 353 2287 in
379 2240 680 2298 coelestibus,
710 2242 999 2305 contemptis
1020 2242 1307 2288 transitoriis
1332 2241 1581 2289 inhiabant

166 2317 477 2383 perennibus,
509 2330 555 2365 et
586 2317 897 2366 abhorrentes
932 2319 1134 2365 carnalia
1165 2318 1417 2366 salubriter
1446 2320 1582 2367 frue-

166 2397 342 2443 bantur
372 2395 712 2460 spiritualibus.
748 2399 836 2443 Per
864 2396 1065 2442 arduum
1089 2398 1180 2443 iter
1213 2398 1449 2443 virtutum
1472 2416 1579 2444 ves-

213 2573 264 2617 (1)
281 2573 395 2607 Notre
411 2579 541 2607 auteur
556 2581 662 2607 entre
681 2574 725 2607 ici
746 2573 835 2607 dans
854 2574 886 2607 la
907 2573 1097 2607 deuxieme
1115 2573 1264 2619 portion
1279 2572 1323 2605 de
1344 2572 1376 2605 la
1393 2571 1497 2605 tache
1517 2572 1581 2618 qui

168 2634 220 2667 lui
240 2633 333 2667 avait
361 2633 417 2666 ete
442 2633 600 2678 imposee
630 2645 694 2678 par
716 2645 769 2666 ses
798 2633 1025 2679 superieur83
1054 2633 1147 2666 aussi
1168 2632 1256 2665 dans
1276 2630 1307 2665 le
1325 2637 1421 2664 texte
1440 2629 1487 2664 de
1504 2631 1582 2664 Du·-

170 2693 301 2726 ‹thesne
328 2691 441 2726 lit—on
470 2704 514 2725 en
543 2691 615 2725 tete
642 2691 686 2725 de
714 2705 753 2726 ce
776 2692 866 2726 livre
889 2692 924 2726 le
951 2693 1038 2725 titre
1068 2707 1073 2725 :
1104 2692 1378 2726 Ecclcsz'aslicoe
1406 2689 1579 2724 Historia?

171 2765 259 2797 pars
279 2751 457 2794 secunda,
478 2763 548 2797 que
566 2762 657 2784 nous
675 2751 824 2784 n'avons
842 2763 903 2797 pas
923 2763 987 2784 cru
1006 2750 1130 2784 devoir
1148 2749 1364 2796 reproduire
1382 2749 1427 2783 ici
1442 2777 1450 2792 ‚
1472 2760 1578 2796 parce

172 2812 260 2858 qu’il
281 2824 437 2858 mamque
457 2810 544 2845 dans
562 2810 594 2845 le
615 2810 814 2845 manuscrit
831 2810 877 2845 de
895 2802 1181 2845 Saiut-Evroult.

269 2888 320 2917 11.
1360 2888 1373 2914 l
