1951 3194
455 263 531 300 338
820 262 1060 300 HISTORIA
1094 260 1495 300 ECCLESIASTICA.

457 344 489 383 4.
642 341 817 375 Eusebius
835 340 970 382 dulcis,
988 346 1026 374 et
1042 340 1079 374 in
1098 339 1228 375 ordine
1246 340 1445 386 pontificali

639 399 835 442 Constans,
855 398 991 433 enituit
1008 399 1188 434 virtutum
1206 398 1356 434 floribus
1373 398 1489 433 almis.

455 507 543 552 Hic
566 522 664 551 xxv
687 505 847 561 annis,
877 515 1091 568 tempore
1120 504 1297 551 Liberii
1327 522 1459 568 papae
1483 514 1531 550 et
1557 504 1746 560 Felicis,
1779 503 1866 550 sub

455 582 800 639 Constantino,
832 582 1021 629 Juliano
1053 582 1304 645 Apostata,
1336 581 1589 628 Joviniano
1619 592 1665 628 et
1694 580 1865 628 Valen-

457 660 641 707 tiniano
665 660 815 706 fulsit.

456 773 489 808 5.
644 773 876 809 Marcellinus
891 774 978 808 huic
991 774 1162 808 successit
1182 785 1332 808 munere
1351 773 1511 815 Christi,

642 833 769 867 Pastor
783 833 986 878 praecipuus
998 860 1006 874 ,
1029 843 1173 866 morum
1193 831 1374 877 probitate
1391 831 1558 866 decorus.

457 938 548 983 Hic
564 953 628 983 xx
646 938 781 982 annis
795 973 808 993 ,
834 946 1047 1000 tempore
1064 936 1246 982 Damasi
1266 952 1399 998 papae
1414 970 1426 990 ‚
1449 931 1756 997 regnantibus
1775 931 1869 979 Va-

457 1015 725 1062 lentiniano
751 1024 796 1061 et
820 1013 1019 1060 Valente
1042 1029 1153 1058 cum
1177 1012 1409 1058 Gratiano
1435 1022 1482 1058 et
1503 1011 1866 1059 Valentiniano,

458 1093 507 1137 in
526 1091 729 1137 Ecclesia
754 1089 876 1136 bene
895 1088 1144 1134 laboravit.
1168 1089 1309 1134 Tunc
1332 1088 1570 1134 Antonius
1588 1085 1864 1139 monachus,

458 1168 798 1233 AEgyptiorum
823 1166 1106 1212 clarissimus
1135 1165 1274 1212 obiit.
1304 1165 1668 1228 Caesaraugustae
1684 1165 1759 1228 (1)
1784 1164 1870 1210 Pe-

457 1258 561 1293 trus
585 1247 782 1310 insignis
805 1254 969 1292 orator
988 1243 1175 1290 claruit.
1206 1242 1486 1289 Ambrosius
1508 1241 1871 1289 Mediolanensis

456 1322 837 1388 inexpugnabilis
857 1339 1022 1368 murus
1040 1320 1254 1367 Arrianis
1271 1321 1518 1385 oppositus
1541 1329 1626 1366 est.
1647 1319 1870 1365 Constan-

457 1400 778 1464 tinopolitana
804 1398 1013 1464 synodus
1042 1414 1097 1444 cL
1122 1398 1317 1444 Patrum
1345 1406 1511 1445 contra
1537 1395 1867 1443 Macedonium

458 1491 505 1527 et
522 1479 820 1526 Eunomium
842 1475 929 1523 sub
951 1476 1150 1522 Damaso
1169 1493 1286 1540 papa
1304 1473 1533 1522 celebrata
1556 1485 1641 1521 est.

457 1593 491 1627 6.
644 1589 803 1637 Pervigil
821 1590 860 1623 in
879 1588 1015 1636 populo
1034 1589 1184 1631 Petrus,
1207 1587 1341 1634 dignus
1359 1599 1506 1634 quoque
1524 1593 1661 1628 eustos,

642 1651 773 1686 Sancte
791 1649 1025 1684 commissum
1044 1648 1112 1682 sibi
1131 1648 1224 1682 rexit
1238 1648 1502 1695 pontificatum.

460 1758 549 1803 Hic
566 1772 650 1803 xix
674 1756 834 1812 annis,
868 1765 1083 1817 tempore
1104 1753 1260 1799 Siricii
1281 1770 1413 1817 papae
1441 1764 1488 1799 et
1507 1753 1736 1799 Anastasii
1751 1788 1762 1808 ‚
1786 1753 1871 1799 sub

460 1833 731 1881 Theodosio
756 1841 803 1878 et
830 1830 1032 1877 Arcadio
1065 1830 1254 1876 claruit.
1283 1831 1423 1876 Tunc
1454 1831 1686 1876 Martinus
1712 1831 1873 1876 Turo-

460 1911 618 1958 nensis
645 1919 691 1956 et
714 1907 963 1955 Maurilius
999 1906 1370 1971 Andegavensis,
1396 1907 1592 1953 Basilius
1614 1907 1873 1954 Caesarien-

461 1990 550 2045 sis,
590 1998 637 2034 et
672 1985 870 2050 insignis
903 1995 1068 2031 orator
1102 1984 1395 2048 Augustinus
1425 1985 1790 2048 Hipponiensis,
1827 1994 1873 2029 et

460 2067 784 2130 Hieronymus
812 2062 987 2109 divinae
1011 2062 1125 2126 legis
1149 2062 1382 2126 interpres
1404 2062 1692 2109 micuerunt.

462 2190 495 2225 7.
648 2175 867 2216 Victricius‚
890 2175 1005 2208 victor
1022 2174 1196 2208 vitiorum
1211 2173 1317 2208 sortis
1333 2180 1370 2208 et
1386 2173 1498 2216 ultor,

647 2234 844 2269 Ecclesiam
861 2233 1010 2267 Domini
1030 2233 1208 2268 mandatis
1226 2232 1361 2267 imbuit
1379 2233 1494 2267 almis.

464 2338 554 2383 Hic
578 2353 628 2383 xi
652 2335 813 2392 annis,
842 2345 1056 2398 tempore
1084 2333 1353 2380 Innocentii
1380 2351 1531 2396 papae,
1557 2333 1646 2379 sub
1669 2332 1873 2379 Arcadio

466 2426 514 2461 et
539 2413 758 2461 Honorio
781 2411 963 2459 floruit.
993 2412 1132 2456 Tunc
1158 2411 1369 2457 Donatus
1393 2410 1529 2474 Epiri
1554 2410 1801 2475 episcopus
1829 2420 1875 2456 et

467 2492 704 2540 Johanncs
727 2489 1152 2553 Jerosolymitanus
1175 2488 1427 2535 fulserunt.
1457 2488 1676 2535 Inventio
1699 2505 1875 2551 corpo-

467 2571 598 2633 poris
627 2570 674 2615 S.
705 2568 930 2632 Stephani
960 2568 1328 2631 protomartyris
1362 2566 1482 2612 facta
1514 2577 1604 2623 est,
1639 2565 1874 2613 revelante

515 2758 562 2800 (ι)
590 2757 791 2801 ὃςιιςιςυςςυ
