1951 3194
435 283 514 320 320
802 280 1046 319 HISTORIA
1077 279 1478 320 ECCLESIASTICA.
1714 284 1852 333 [1080]

436 362 546 410 a'em
570 362 785 409 ecclcsioe
795 360 1108 421 facultatem.
1136 359 1287 423 Quod
1301 362 1345 407 si
1358 361 1607 426 presbyter
1623 379 1729 408 cum
1754 379 1855 408 mo-

435 441 605 488 naclu's
628 441 784 486 vivere
811 438 1043 496 noluerit‚
1075 449 1257 484 tantum
1282 438 1363 485 det
1386 441 1432 485 ei
1458 439 1610 486 abbas
1633 441 1694 486 cle
1718 439 1854 487 bonis

435 517 682 573 ecclesiae,
724 514 850 561 unde
887 526 931 560 et
961 514 1078 561 bene
1105 519 1261 562 vivere
1292 526 1335 561 et
1369 516 1584 563 ecclesioe
1617 518 1856 564 servitium

436 594 766 641 convenienter
786 592 950 639 valeat
959 592 1212 659 presbyter
1228 592 1511 658 adimplere.
1539 592 1686 656 Quod
1703 595 1749 640 si
1769 593 1854 639 ab·

437 670 523 716 bas
529 668 707 734 facere
725 670 955 726 noluerit,
978 669 1041 716 ab
1063 673 1290 735 episcopo
1310 671 1634 717 convenienter
1655 677 1859 735 cogatur

437 759 487 793 ut
492 748 683 811 faciat.
712 747 968 811 Presbyter
989 765 1100 793 vero
1123 751 1347 813 episcopo
1373 766 1460 794 suo
1480 750 1616 813 juste
1637 748 1856 796 subditus

434 826 497 870 sit
504 862 521 882 ,
550 836 593 871 et
619 825 916 890 episcopales
940 824 1157 872 redditus
1173 825 1438 891 persolvat.
1473 826 1596 889 Quoe
1623 844 1735 873 vero
1768 845 1856 872 su-

430 903 777 968 perabundant
788 941 804 961 ,
842 906 891 949 in
926 922 1036 950 usus
1065 905 1343 949 monasterii
1367 906 1446 950 sui
1473 904 1626 950 abbas
1661 904 1853 968 habeat.

434 980 547 1027 Hoc
571 979 700 1026 idem
723 981 773 1026 in
799 980 1013 1026 ecclesiis
1040 981 1381 1027 canonicorum
1408 980 1690 1027 observetur.

507 1077 522 1104 1
540 1077 553 1104 1
572 1093 580 1102 .
615 1058 671 1105 V
666 1058 834 1103 iolatio
856 1058 1071 1104 ecclesiae
1091 1069 1134 1102 et
1158 1060 1292 1113 atrii,
1319 1059 1444 1104 sicut
1465 1061 1685 1123 superius
1705 1059 1856 1106 deter-

436 1137 669 1182 minatum
701 1145 770 1181 est
776 1173 792 1193 ,
831 1146 875 1181 et
905 1137 1164 1182 commissa
1180 1153 1273 1201 pro
1298 1136 1470 1200 quibus
1502 1136 1719 1184 divitium
1751 1138 1857 1201 offi-

436 1215 566 1260 cium
603 1223 841 1270 remanet,
880 1216 1116 1278 episcopis
1153 1231 1240 1277 per
1264 1217 1527 1278 pecuniam
1563 1215 1853 1263 emendetur.

436 1290 662 1337 Assultus
692 1292 742 1336 in
769 1290 987 1337 ecclesia2
1015 1292 1180 1337 itinere
1202 1290 1431 1337 similiter.

501 1369 560 1415 Si
590 1370 697 1433 quis
732 1370 883 1415 iratus
909 1370 1219 1434 persequitur
1245 1369 1398 1415 alium
1424 1371 1473 1415 in
1499 1372 1676 1416 atrium
1704 1371 1783 1417 vel
1808 1373 1858 1418 in

438 1447 716 1503 ecclesiam,
743 1447 977 1493 similiter.

500 1524 559 1571 Si
589 1525 744 1571 laicus
778 1536 888 1571 arat
919 1525 998 1571 vel
1034 1524 1247 1585 aedfficat
1281 1528 1331 1571 in
1363 1527 1487 1572 atrio
1525 1528 1626 1572 sine
1664 1525 1857 1573 licentia

430 1603 730 1670 pontificali,
759 1604 994 1650 similiter.

506 1682 560 1728 Si
584 1682 786 1728 clericus
809 1680 1190 1747 raptumfecerit
1217 1684 1294 1729 vel
1297 1682 1490 1747 furtum
1506 1721 1522 1740 ,
1550 1685 1627 1731 vel
1648 1684 1859 1748 aliquem

428 1760 746 1825 percusserit,
776 1770 862 1805 aut
887 1759 1227 1817 vulneraverit,
1256 1772 1342 1806 aut
1366 1761 1596 1808 occiderit
1606 1783 1627 1817 ,·
1651 1763 1696 1807 si
1716 1762 1858 1808 (luel-

439 1836 536 1882 lum
564 1838 666 1883 sine
703 1835 899 1882 licentia
934 1838 1153 1902 episcopi
1184 1838 1473 1902 susceperit,
1509 1849 1595 1885 aut
1626 1855 1858 1884 namnum

438 1915 616 1979 ceperit
635 1914 654 1976 (
667 1913 736 1976 ι),
759 1923 845 1959 aut
868 1913 1100 1959 assultum
1111 1914 1296 1975 fecerit
1309 1950 1324 1970 ,
1359 1926 1445 1960 aut
1467 1914 1660 1978 aliquid
1682 1917 1858 1980 injuste

436 1992 665 2047 saisierit,
688 2002 772 2037 aut
791 1990 1070 2037 incendium
1070 1989 1251 2053 jecerit
1259 2012 1279 2047 ,·
1300 2002 1386 2037 aut
1400 2003 1718 2057 manupastus
1735 1995 1854 2058 ejus,

436 2079 521 2115 aut
543 2068 791 2115 habitator
813 2071 925 2114 atrii
939 2091 959 2124 ,·
991 2068 1212 2115 similiter
1235 2070 1472 2135 episcopis
1487 2086 1579 2134 per
1593 2071 1856 2134 pecuniam

434 2148 723 2193 emendetur.

499 2225 553 2271 Si
576 2225 779 2272 clericus
799 2224 1089 2271 adulterium
1097 2226 1279 2286 fecerit
1301 2238 1387 2271 aut
1409 2228 1640 2272 incestum
1645 2223 1851 2287 fecerit,

436 2303 669 2349 similiter.

502 2379 560 2425 Si
584 2379 839 2445 presbyter
866 2379 927 2424 de
963 2380 1225 2426 ministerio
1261 2398 1347 2427 suo
1363 2378 1685 2444 sorelffecerit,
1720 2380 1857 2426 simi-

438 2457 558 2502 liter.

485 2667 535 2711 (1)
561 2666 753 2701 Namnum
779 2679 908 2713 capere
938 2667 1078 2713 signilie
1100 2666 1258 2713 prendre
1285 2680 1335 2702 un
1363 2679 1470 2714 gage3
1496 2668 1609 2711 saisi1·‚
1634 2665 1778 2700 enlever
1803 2677 1853 2699 un

441 2736 542 2770 gage.
561 2726 630 2761 Ces
651 2738 758 2771 gages
781 2727 918 2761 etaient
937 2726 1225 2762 onlinairement
1248 2726 1310 2763 des
1332 2727 1507 2763 bestiaux.
1527 2726 1555 2760 ll
1579 2726 1690 2761 existe
1711 2726 1729 2759 ὲ
1754 2724 1852 2760 Caen

440 2796 511 2817 une
532 2798 592 2818 l'uC
610 2798 686 2819 [1111]
706 2785 862 2830 lvunqss.
