1951 3194
148 295 418 342 [1050-1057]
640 294 795 332 LIBER
823 294 1058 333 TERTlus.
1510 298 1560 334 53

146 391 280 419 mum
318 373 555 437 cujusdam
597 373 844 438 burgensis
882 375 1078 421 nomine
1108 375 1300 438 Rogerii
1335 376 1562 422 Suisnarii

146 451 395 508 transiret,
419 451 527 496 inde
545 451 797 516 quamdam
816 451 1101 497 infantulam
1119 451 1373 498 lactentem
1393 453 1561 497 assumi

145 528 398 591 praecepit,
419 528 587 592 orique
607 530 703 591 ejus
723 528 982 573 mamillam
1003 546 1132 574 suam
1146 565 1158 584 ,
1182 528 1230 574 in
1251 546 1340 593 qua
1359 529 1564 574 maxima

145 622 251 667 pars
273 605 565 652 infirmitatis
590 605 783 653 collecta
804 616 930 664 erat,
953 606 1009 652 ad
1033 607 1330 671 suggendum
1350 607 1561 652 tradidit.

145 682 305 728 Infans
331 684 488 748 itaque
518 683 643 728 suxit
667 694 714 729 et
738 683 880 746 paulo
906 694 1014 746 post
1043 695 1232 730 mortua
1264 695 1363 743 est3
1393 685 1566 730 mulier

144 778 258 807 vero
285 761 613 808 convalescens
645 761 701 806 ad
732 762 924 825 propria
954 780 1137 808 reversa
1162 774 1247 808 est.
1276 765 1437 810 Postea
1467 763 1566 809 fere

146 854 209 883 xv
237 838 372 883 annis
395 838 540 894 vixit,
573 838 651 884 scd
678 839 870 884 Uticum
889 875 900 894 ,
934 850 1188 903 postquam
1215 838 1416 897 ibidem,
1444 841 1566 885 sicut

142 932 279 978 supra
314 915 548 972 diximus,
588 916 774 980 flagello
814 917 897 962 Dei
935 917 1154 980 castigata
1188 927 1279 971 est,
1318 934 1563 980 nunquam

140 992 268 1039 adire
297 994 625 1057 praesumpsit,
656 1004 702 1040 et
728 1011 788 1040 ne
819 992 1165 1040 habitatoribus
1195 993 1321 1039 illius
1351 993 1563 1040 coenobii

140 1070 376 1118 ullatenus
409 1082 605 1117 noceret
637 1089 716 1117 seu
747 1072 1017 1135 prodesset,
1050 1082 1155 1118 toto
1191 1072 1299 1117 nisu
1326 1090 1373 1118 se
1408 1082 1565 1117 custo·

138 1147 284 1206 divit,
312 1148 538 1212 quamdiu
564 1149 612 1194 in
645 1150 927 1194 aerumnosis
953 1148 1092 1212 hujus
1123 1150 1232 1194 vitae
1257 1148 1564 1196 felicitatibus

138 1236 298 1290 postea
345 1227 479 1271 vixit.
526 1225 761 1272 Abbatem
805 1236 963 1272 tamen
1002 1227 1318 1273 Teodericum
1364 1227 1561 1281 dilexit,

141 1303 277 1365 eique
310 1304 459 1366 magis
491 1321 633 1367 quam
660 1303 871 1349 Uticensi
905 1303 1111 1349 ecclesiae
1144 1303 1311 1349 cellam
1349 1304 1396 1348 S.
1434 1304 1566 1347 Mar-

144 1379 260 1434 tini,
298 1389 352 1424 ut
386 1396 470 1442 per
503 1380 893 1442 anticipationem
925 1379 1155 1434 diximus,
1194 1378 1562 1425 commendavit.

211 1456 557 1519 [1016-1050.]
603 1458 654 1501 In
699 1455 804 1502 sede
843 1457 1099 1519 apostolica
1140 1456 1399 1503 Benedicto
1447 1474 1564 1519 papa

141 1531 397 1587 residente,
437 1533 680 1579 Sarraceni
715 1533 772 1579 de
813 1532 971 1578 Africa
1019 1533 1065 1578 in
1109 1533 1332 1596 Apuliam
1374 1533 1563 1597 navigio

141 1610 333 1674 singulis
380 1611 515 1656 annis
565 1610 852 1667 veniebant,
906 1620 953 1656 et
996 1627 1080 1674 per
1126 1609 1332 1674 singulas
1377 1608 1563 1673 Apuliae

139 1686 279 1734 urbes
318 1688 516 1752 vectigal
556 1701 790 1752 quantum
831 1687 1057 1735 volebant
1091 1707 1114 1734 a
1156 1687 1394 1734 desidibus
1438 1689 1565 1732 Lan-

138 1766 359 1831 gobardis
399 1778 445 1813 et
483 1767 662 1813 Graecis
699 1766 964 1813 Calabriam
1002 1765 1324 1813 incolentibus
1367 1765 1563 1829 impune

139 1844 449 1909 accipiebant.
481 1846 564 1891 His
592 1844 756 1892 diebus
781 1844 1051 1891 Osmundus
1072 1853 1395 1909 cognomento
1414 1844 1563 1890 Dren-

137 1933 274 1986 gotus
311 1922 622 1968 &villermum
658 1922 1007 1984 Repostellum,
1051 1921 1134 1985 qui
1173 1938 1267 1966 sese
1305 1919 1361 1965 de
1395 1929 1562 1981 stupro

138 1998 247 2044 filiae
281 2002 376 2062 ejus
408 2000 454 2044 in
491 2000 725 2045 audientia
765 1999 1053 2062 optimatum
1083 1996 1396 2044 Normanniae
1433 2013 1563 2043 arro-

134 2079 585 2139 ganterjactaverat,
608 2076 733 2122 inter
758 2092 925 2121 manus
944 2074 1165 2122 Rotberti
1183 2073 1313 2120 ducis
1332 2073 1380 2118 in
1404 2072 1558 2137 sylva,

134 2152 218 2198 ubi
258 2153 538 2210 venabatur,
577 2153 783 2209 occidit;
820 2171 910 2217 pro
946 2171 1045 2217 quo
1082 2163 1215 2199 reatu
1253 2170 1276 2197 a
1313 2150 1431 2197 facie
1465 2152 1562 2213 ejus

133 2230 266 2292 prius
303 2232 350 2275 in
383 2231 710 2286 Britanniam,
746 2231 917 2277 deinde
950 2230 1000 2276 111
1034 2230 1281 2294 Angliam‚
1317 2238 1560 2291 postremo

135 2308 456 2354 Beneventum
483 2326 592 2354 cum
619 2308 728 2354 filiis
762 2321 808 2356 et
839 2307 1095 2372 nepotibus
1119 2307 1320 2372 aufugit.
1350 2306 1436 2350 Hic
1469 2305 1562 2367 pri-

136 2401 241 2428 mus
283 2385 677 2433 Normannorum
718 2386 874 2433 sedem
915 2387 962 2432 111
1005 2385 1174 2449 Apulia
1219 2383 1307 2429 sibi
1354 2381 1558 2444 delegit,

137 2473 184 2507 et
214 2479 234 2507 a
276 2462 491 2526 principe
527 2465 974 2511 Beneventanorum
1004 2462 1235 2527 oppidum
1265 2460 1323 2505 ad
1358 2476 1560 2505 manen-

137 2539 252 2584 dum
288 2538 375 2584 sibi
415 2540 602 2604 suisque
640 2540 907 2587 haeredibus
941 2541 1137 2602 accepit.
1177 2536 1357 2583 Deinde
1395 2536 1561 2600 Drogo

138 2616 332 2680 quidam
367 2616 672 2663 Normannus
704 2619 837 2665 miles
870 2636 980 2664 cum
1014 2626 1208 2664 centum
1241 2612 1474 2659 militibus
1511 2613 1560 2658 in

139 2694 395 2741 Jerusalem
432 2713 626 2759 peregre
658 2696 890 2758 perrexit3
926 2713 1069 2759 quem
1106 2692 1214 2739 inde
1239 2703 1556 2739 revertentem

141 2788 250 2816 stum
294 2774 429 2819 sociis
475 2775 566 2819 suis
607 2773 932 2819 *Waimalclius
978 2774 1071 2818 (lux
1118 2772 1239 2835 apud
1286 2771 1559 2816 Psalernum
