1951 3194
405 305 483 343 ί264
772 304 1013 341 HISTORIA
1046 302 1446 341 ECCLESIASTICA.
1683 303 1821 354 [1074]

406 384 632 448 Anglicus
656 383 841 429 auferre
865 398 965 428 non
988 383 1165 445 potuit.
1194 381 1263 426 lbi
1288 380 1475 429 Guader
1495 383 1566 445 (ι)
1593 392 1640 429 et
1658 383 1822 430 Mons·-

407 463 545 510 fortis
593 462 773 525 optima
817 459 1001 507 castella
1053 461 1151 523 ejus
1188 458 1361 505 ditioni
1401 458 1669 522 subjacent,
1715 477 1823 524 quae

407 539 545 586 liberi
567 542 603 602 ej
613 556 662 583 us
681 537 982 585 haereditario
995 539 1102 601 jure
1123 554 1269 601 usque
1288 535 1428 583 hodie
1443 536 1701 601 possident.
1722 539 1824 600 Ipse

407 629 565 663 autem
583 626 693 680 post
721 615 900 662 multos
929 632 1080 662 annos
1107 625 1322 679 tempore
1344 613 1528 661 Urbani
1555 632 1686 679 papae
1711 632 1825 660 cru—

408 711 510 740 cem
535 694 726 741 Domini
747 693 976 757 suscepit,
1004 704 1050 740 et
1074 711 1183 740 cum
1205 692 1452 740 Rodberto
1473 694 1679 740 secundo
1703 693 1827 739 Nor-

407 789 696 818 mannorum
714 771 831 818 duce
855 781 1020 818 contra
1041 771 1224 817 Turcos
1247 770 1505 818 Jerusalem
1525 770 1752 834 perrexit,
1780 779 1827 816 et

409 851 457 895 in
495 850 567 895 via
605 849 690 895 Dei
733 849 975 912 poenitens
1011 859 1055 894 et
1095 848 1372 913 peregrinus
1407 865 1514 893 cum
1554 864 1702 894 uxore
1745 864 1826 892 sua

409 927 548 975 obiit.

473 1007 704 1071 Rogerius
737 1023 850 1052 vero
883 1006 939 1051 de
971 1004 1174 1052 Britolio
1214 1022 1370 1051 comes
1405 1002 1734 1051 Herfordensis
1770 1002 1829 1048 ad

410 1083 592 1130 curiam
625 1083 746 1147 regis
776 1092 968 1128 vocatus
992 1082 1149 1139 venit,
1182 1091 1229 1127 et
1254 1082 1508 1145 inquisitus
1531 1080 1829 1127 manifestam

410 1162 500 1207 toti
541 1159 722 1206 mundo
761 1158 1085 1222 proditionem
1123 1176 1294 1223 negare
1332 1176 1430 1205 non
1465 1159 1642 1222 potuit.
1680 1158 1830 1223 Igitur

411 1238 671 1284 secundum
687 1236 808 1300 leges
827 1235 1219 1282 Normannorum
1231 1234 1467 1298 judicatus
1483 1246 1574 1291 est,
1598 1245 1645 1281 et
1666 1235 1831 1280 amissa

410 1316 544 1362 omni
583 1313 859 1361 haereditate
900 1323 1087 1360 terrena
1128 1314 1175 1360 in
1220 1330 1406 1361 carcere
1440 1314 1563 1377 regis
1599 1322 1832 1376 perpetuo

411 1394 660 1439 damnatus
694 1403 778 1439 est.
818 1391 887 1438 Ibi
926 1393 1068 1438 etiam
1100 1394 1198 1457 regi
1232 1393 1474 1439 multoties
1506 1392 1727 1456 nequiter
1749 1391 1833 1437 de·-

414 1472 584 1528 traxit,
627 1482 674 1518 et
710 1467 1072 1518 contumacibus
1110 1471 1224 1516 actis
1268 1469 1630 1534 implacabiliter
1676 1485 1832 1532 regem

413 1546 630 1594 offendit.
683 1545 803 1592 Nam
850 1546 1093 1611 quondam
1140 1546 1255 1593 dum
1299 1545 1433 1610 plebs
1483 1546 1568 1592 Dei
1616 1544 1832 1591 Paschale

414 1624 588 1672 festum
612 1641 823 1688 congrue
847 1622 1135 1682 celebraret,
1161 1633 1208 1671 et
1235 1641 1315 1671 rex
1340 1634 1578 1669 structum
1597 1622 1831 1687 pretiosa—

414 1719 523 1748 rum
549 1702 749 1748 vestium
773 1702 980 1765 Rogerio
1003 1702 1166 1748 comiti
1201 1719 1286 1766 per
1311 1701 1506 1748 idoneos
1535 1700 1757 1747 satellites
1783 1700 1830 1745 in

416 1780 650 1845 ergastulo
670 1779 906 1835 mitteret,
941 1779 1019 1826 ille
1043 1797 1212 1844 pyram
1241 1780 1484 1844 ingentem
1503 1789 1611 1825 ante
1630 1796 1676 1824 se
1695 1777 1834 1840 jussit

413 1857 698 1921 praeparari,
726 1867 772 1903 et
797 1856 972 1903 ibidem
999 1857 1170 1921 regalia
1196 1867 1493 1913 ornamenta,
1515 1855 1830 1921 chlamydem,

415 1935 706 1998 sericamque
746 1933 1027 1989 interulam,
1072 1944 1119 1980 et
1150 1951 1382 1981 renonem
1410 1934 1484 1997 (2)
1521 1933 1578 1981 de
1617 1933 1835 1997 pretiosis

416 2011 618 2076 pellibus
637 2012 1003 2075 peregrinorum
1021 2012 1231 2057 murium
1255 2010 1414 2058 subito
1432 2009 1669 2058 comburi.
1696 2009 1835 2070 Quod

414 2091 608 2137 audiens
631 2108 740 2147 rex,
766 2091 911 2135 iratus
938 2089 1058 2135 dixit
1092 2111 1101 2134 :
1136 2090 1349 2137 Multum
1373 2090 1602 2156 superbas
1631 2100 1720 2146 est,
1755 2090 1838 2153 qui

416 2167 505 2215 hoe
523 2167 640 2214 mihi
657 2167 865 2213 dedecus
867 2169 1022 2228 fecit,
1049 2168 1137 2213 sed
1146 2185 1236 2233 per
1252 2168 1551 2232 splendorem
1566 2167 1663 2212 Dei
1678 2166 1751 2230 (5)
1775 2165 1836 2212 de

418 2261 608 2291 carcere
637 2261 738 2289 meo
767 2244 816 2288 in
846 2247 976 2288 omni
1007 2245 1107 2289 vita
1139 2262 1247 2290 mea
1275 2262 1371 2290 non
1397 2244 1563 2289 exibit.
1593 2242 1835 2289 Sententia

417 2324 540 2387 regis
561 2333 655 2367 tam
676 2320 765 2367 fixa
785 2322 1045 2385 permansit
1059 2358 1072 2377 ‚
1093 2322 1223 2386 quod
1241 2340 1327 2368 nec
1345 2323 1485 2368 etiam
1501 2331 1610 2386 post
1628 2330 1836 2367 mortem

418 2401 538 2464 regis
565 2401 661 2463 ipse
684 2399 773 2445 nisi
797 2409 1014 2447 mortuus
1043 2399 1100 2446 de
1124 2400 1325 2445 vinculis
1348 2400 1480 2446 exiit.
1511 2399 1764 2446 Rainaldus
1787 2408 1834 2444 et

417 2480 648 2542 Rogerius
682 2477 765 2523 filii
793 2479 889 2540 ejus
917 2477 1085 2539 optimi
1117 2478 1295 2524 tirones
1321 2477 1528 2523 Henrico
1550 2477 1648 2541 regi
1673 2476 1833 2522 famu-

465 2633 513 2676 (1)
539 2631 631 2665 Ga'ofl
651 2638 687 2665 ct
707 2630 1077 2665 montfort-la-Canne
1098 2630 1432 2675 (Ille-et-Vilaiuc).

465 2690 514 2732 (2)
545 2690 642 2723 Rem,
662 2701 708 2722 ou
732 2689 856 2723 Rhana
881 2690 968 2723 omit
986 2702 1034 2723 un
1049 2690 1231 2724 vctonicnt
1251 2690 1315 2723 fait
1332 2689 1376 2723 (lc
1397 2701 1531 2735 peaux‚
1554 2701 1623 2722 unc
1644 2688 1769 2732 espccc
1788 2686 1832 2720 dv

422 2746 547 2791 pelissc
560 2775 567 2789 ‚
585 2747 746 2782 destincc
765 2751 781 2781 ἐι
800 2749 944 2782 couvrir
962 2749 993 2782 la
1012 2749 1128 2795 partie
1146 2749 1358 2795 supericurc
1379 2747 1428 2781 du
1447 2759 1561 2793 corps.

468 2804 514 2842 (3)
546 2806 711 2839 Fon-mule
733 2806 775 2839 (lv
795 2814 949 2841 svrnwnt
973 2806 1171 2840 habinwne
1191 2809 1207 2840 ἐι
1225 2819 1263 2840 ce
1285 2807 1421 2853 princc.
