1951 3194
444 297 522 336 242
809 295 1051 334 HISTORIA
1083 294 1482 334 ECCLESIASTICA.
1715 298 1852 347 [1072]

443 388 600 424 ratum
626 393 817 423 manere
840 385 1046 439 oportet,
1079 384 1127 419 ut
1154 376 1203 419 in
1229 376 1424 420 crimine
1446 374 1641 440 publice
1667 375 1849 440 lapsus,

442 467 553 501 ante
573 464 826 520 peractam
840 453 1181 517 poenitentiam
1204 452 1254 497 in
1269 453 1476 517 pristino
1501 454 1666 517 gradu
1691 453 1852 499 nulla-

441 544 574 579 tenus
595 532 890 588 restituatur,
912 531 1007 576 nisi
1022 547 1207 576 summa
1225 534 1505 576 necessitate
1518 541 1632 594 post
1649 531 1853 595 dignam

441 607 636 673 quidem
659 607 819 671 longae
831 608 1126 672 poenitentice
1145 607 1542 667 satisfactionem.

502 686 622 731 Item
648 688 688 731 si
718 684 893 746 aliquis
927 683 1092 750 lapsus
1122 684 1300 748 dignus
1323 683 1621 748 depositione
1642 695 1852 750 repertus

421 762 604 828 suerit,
642 772 685 808 et
717 761 787 808 ad
816 780 923 807 eum
950 761 1289 827 deponendum
1318 772 1380 806 tot
1407 763 1712 827 coepiscopos
1736 772 1852 825 quot

438 842 700 888 auctoritas
721 839 935 905 postulat
954 858 964 885 .·
985 839 1166 886 scilicet
1189 841 1236 886 in
1257 839 1523 886 sacerdotis
1540 857 1626 886 sex
1636 878 1652 898 ,
1676 841 1724 885 in
1748 839 1853 885 dia-

438 920 550 965 coni
578 919 874 984 depositione
907 928 1025 971 tres;
1060 918 1409 981 unusquisque,
1445 919 1530 981 qui
1556 917 1728 963 adesse
1756 934 1852 963 non

427 1000 634 1061 poterit,
666 999 903 1042 vicarium
935 1012 1072 1040 suum
1108 1013 1216 1041 cum
1246 1013 1337 1041 sua
1371 996 1660 1041 auctoritate
1691 1005 1850 1040 trans-

436 1077 611 1122 mittat.

497 1153 618 1198 Item
636 1162 866 1198 statutum
885 1163 952 1197 est
970 1162 1021 1196 ut
1038 1149 1199 1195 nullus
1223 1151 1273 1194 in
1299 1149 1691 1213 Quadragesima
1709 1166 1852 1214 pran-

433 1229 572 1287 deat,
601 1241 862 1293 antequam
884 1228 1005 1275 hora
1031 1245 1163 1274 nona
1178 1238 1414 1292 peracta,
1442 1228 1716 1290 vespertina
1737 1227 1849 1273 inci-

432 1308 552 1370 piat.
579 1306 693 1353 ZVon
717 1307 845 1351 enim
857 1306 1082 1371 jejunat,
1112 1306 1198 1369 qui
1217 1315 1328 1349 ante
1352 1303 1635 1350 manducat.

497 1387 616 1432 Item
648 1397 877 1432 statutum
908 1396 977 1431 est
1014 1395 1063 1430 ut
1092 1387 1141 1429 in
1172 1383 1372 1429 sabbato
1401 1382 1610 1428 Pascltce
1643 1381 1851 1445 officium

433 1474 544 1510 ante
566 1480 744 1509 nonam
770 1480 867 1509 non
897 1463 1174 1526 incipiatur.
1202 1461 1288 1506 Ad
1308 1471 1495 1506 noctem
1523 1460 1649 1505 enim
1673 1460 1850 1506 Domi—-

432 1543 557 1588 nicce
590 1541 974 1587 Resurrectio-nis
1013 1540 1234 1603 respicit,
1273 1537 1332 1584 ob
1366 1538 1506 1602 cujus
1545 1539 1851 1583 reverentiam

432 1617 597 1664 Gloria
618 1618 665 1663 in
684 1617 873 1663 excelsis
891 1617 991 1663 Deo
1008 1627 1051 1662 et
1068 1614 1267 1660 Alleluia
1288 1624 1540 1668 cantatur,·
1561 1613 1691 1677 quod
1707 1615 1848 1660 etiam

434 1697 483 1741 in
504 1696 652 1758 officii
666 1696 827 1752 initio,
852 1695 976 1740 cerei
989 1693 1172 1740 scilicet
1193 1691 1523 1738 benedictione
1539 1702 1846 1738 monstratur.

432 1773 625 1820 Narrat
652 1771 770 1817 liber
798 1770 1029 1834 Officialis
1055 1771 1125 1833 (1)
1153 1769 1286 1833 quod
1308 1772 1355 1814 in
1382 1769 1469 1814 lzoc
1502 1769 1651 1815 biduo
1678 1771 1852 1831 nonsit

434 1851 740 1897 Sacramenti
762 1849 1036 1895 celebratio.
1064 1848 1225 1894 Vocat
1248 1859 1405 1893 autem
1425 1846 1512 1892 lzoc
1534 1846 1730 1892 biduum
1748 1865 1851 1894 sex-

436 1940 534 1974 tam
552 1926 740 1991 jerz'am
773 1939 816 1973 et
846 1926 1130 1981 sabbatum,
1175 1927 1223 1970 in
1258 1943 1351 1989 quo
1379 1925 1604 1971 recolitur
1630 1925 1783 1972 luctus
1808 1938 1851 1972 et

434 2005 661 2051 moestitia
686 2002 1031 2069 apostolorum.

498 2084 620 2128 Item
653 2083 698 2128 si
728 2081 938 2145 alicujus
969 2081 1130 2126 sancti
1146 2079 1396 2141 festivitas
1426 2080 1476 2124 in
1505 2080 1613 2143 ipsa
1643 2079 1724 2124 die
1751 2096 1847 2125 evc-

435 2162 584 2218 nerit,
631 2162 680 2206 in
716 2177 813 2223 qua
849 2158 1082 2205 celebrari
1112 2175 1207 2204 non
1237 2158 1422 2222 possit,
1458 2173 1554 2201 non
1584 2167 1722 2214 ante,
1763 2157 1851 2202 sed

435 2240 565 2301 infra
588 2248 808 2284 octavum
833 2235 960 2282 diem
988 2235 1259 2281 celebretur.

500 2317 618 2362 Item
656 2315 809 2379 juxta
844 2324 1120 2359 sanctorum
1156 2314 1356 2358 Patrum
1394 2310 1585 2356 decreta
1623 2329 1633 2356 :
1671 2311 1849 2358 scilicet

436 2393 709 2440 Innocentii
731 2407 884 2456 papce
915 2401 957 2435 et
992 2390 1193 2446 Leonis,
1237 2390 1490 2434 statuimus
1529 2405 1587 2433 ne
1623 2388 1850 2452 generale

484 2621 534 2660 (ι)
559 2616 627 2651 Cet
647 2626 823 2659 ouvrage,
845 2615 1013 2659 compos&
1027 2625 1091 2659 pat·
1110 2611 1360 2657 l’a1·chev‹}quc
1373 2611 1460 2645 Jean
1480 2609 1640 2657 pendant
1655 2610 1743 2657 qu’il
1758 2612 1847 2647 &tait

437 2688 567 2710 encore
585 2674 720 2720 vaffque
740 2672 1004 2714 ‹1⁷Avrancl1es,
1028 2685 1044 2705 a
1064 2672 1121 2705 ρῐὁ
1140 2670 1264 2717 public
1285 2682 1367 2704 sous
1388 2669 1419 2704 le
1437 2670 1523 2704 titre
1540 2669 1679 2704 suivant
1702 2686 1708 2704 :
1730 2671 1775 2705 R.
1796 2672 1842 2706 P.

436 2736 616 2769 Iohannis
649 2734 891 2768 Abrincensis
927 2734 1086 2779 episcopi
1113 2730 1245 2765 deinde
1276 2731 1555 2776 Rotomagcnsis
1584 2730 1848 2778 archiepiscopi

440 2795 530 2827 lister
549 2794 593 2827 de
617 2793 751 2840 Officiis
771 2793 1035 2826 ecclesiasticis.
1058 2791 1271 2835 Rotomagi,
1298 2789 1402 2836 1679,
1426 2788 1531 2823 in-80.
