1951 3194
292 249 369 287 130
657 246 900 284 HISTORIA
930 243 1334 284 ECCLESIASTICA.
1434 245 1706 298 [1066-1089]

288 327 436 373 duum
470 326 561 372 iter
599 324 655 371 ad
689 325 952 373 Dominum
988 324 1055 370 ire
1090 325 1288 389 aggressi
1326 336 1454 372 sunt.
1491 326 1564 372 Ex
1598 326 1709 390 ipsis

288 404 481 470 quidam
501 404 602 467 ipso
623 413 756 466 patre
779 400 930 448 adhuc
950 402 1138 448 vivente
1159 402 1412 465 praemium
1435 401 1576 450 bonae
1597 420 1709 450 con-

288 482 568 529 versationis
596 479 945 539 obtinuerunt,
973 480 1145 546 aliique
1179 480 1227 526 in
1260 491 1422 528 sancto
1458 482 1709 546 proposito

289 559 372 605 diu
393 566 782 621 permanserunt,
808 557 1094 622 longamque
1113 557 1333 603 militiam
1351 557 1554 605 viriliter
1573 575 1710 605 exer-

291 645 520 691 cuerunt,
570 634 762 699 Deoque
797 635 1051 682 devotione
1095 635 1278 699 placere
1293 670 1306 691 ‚
1352 644 1400 681 et
1434 634 1710 682 hominibus

289 714 534 761 bonorum
577 730 779 777 operum
816 713 1112 760 exhibitione
1149 712 1370 777 prodesse
1404 712 1708 760 studuerunt.

289 792 524 840 Nonnulli
548 809 662 839 vero
690 792 944 840 nobilitate
973 791 1207 856 pollentes
1232 791 1522 838 monasterio
1548 807 1633 838 suo
1659 791 1711 838 in

290 870 453 916 multis
478 867 828 926 subvenerunt,
855 879 901 916 et
925 888 951 916 a
978 868 1253 934 parentibus
1275 869 1368 915 suis
1391 869 1464 915 vel
1490 872 1616 915 notis
1637 868 1711 915 vel

290 946 451 992 amicis
469 946 671 992 decimas
694 957 741 993 et
763 945 976 994 ecclesias
994 982 1007 1003 ,
1030 956 1078 992 et
1100 955 1380 993 ornamenta
1402 945 1710 992 ecclesiastica

289 1023 487 1070 utilitati
506 1022 712 1069 fratrum
731 1022 1067 1070 obtinuerunt.
1095 1022 1381 1088 Singillatim.
1400 1022 1579 1079 omnia,
1601 1039 1710 1087 quae

291 1101 455 1147 domui
491 1118 586 1146 suae
621 1100 794 1164 singuli
826 1101 1168 1157 contulerunt,
1214 1099 1415 1146 omnino
1446 1098 1711 1146 describere

292 1195 478 1243 nequeo
497 1197 509 1234 ;
537 1177 616 1224 sed
646 1188 803 1224 tamen
828 1177 1008 1242 aliqua,
1041 1187 1186 1242 prout
1209 1186 1560 1241 competent-em
1582 1176 1711 1224 refe-

292 1256 427 1302 rendi
457 1255 731 1302 facultatem
761 1255 953 1313 videro,
985 1258 1183 1319 juvante
1207 1256 1307 1302 Deo
1330 1256 1559 1302 veraciter
1591 1255 1711 1302 inti-

291 1352 420 1381 mare
444 1351 534 1398 pro
567 1334 813 1381 communi
847 1334 1102 1382 commodo
1126 1333 1391 1398 posteritati
1424 1333 1582 1397 cupio.

355 1412 541 1457 Primus
571 1411 728 1476 itaque
769 1410 1119 1458 monachorum
1146 1411 1377 1475 Rogerius
1412 1410 1469 1457 de
1499 1409 1712 1475 Altaripa

283 1492 417 1552 jussu
439 1489 626 1552 praefati
650 1488 835 1535 abbatis
867 1490 916 1535 in
945 1506 1115 1553 pagum
1137 1489 1449 1536 Vilcassinum
1480 1488 1709 1552 perrexit,

289 1579 336 1614 et
359 1566 567 1613 Heldrici
595 1568 790 1613 Cortem
815 1568 886 1630 (ι)
905 1568 1094 1632 (quem,
1120 1568 1242 1613 sicut
1269 1585 1408 1631 supra
1431 1566 1709 1623 retulimus,

290 1643 517 1690 Ricardus
535 1643 810 1691 vulneratus
830 1644 1004 1691 Sancto
1021 1643 1225 1690 Ebrulfo
1244 1643 1455 1707 dederat)
1476 1643 1708 1708 possedit,

290 1734 561 1786 terramque
576 1722 805 1768 incultam
821 1732 867 1769 et
881 1740 1002 1786 pene
1020 1739 1214 1768 vacuam
1230 1721 1493 1768 cultoribus
1507 1721 1708 1767 invenit.

289 1800 427 1847 Unde
448 1801 494 1845 in
512 1801 680 1864 primis
698 1799 873 1846 ibidem
890 1801 1159 1847 construxit
1173 1800 1437 1847 oratorium
1456 1798 1512 1845 de
1529 1797 1711 1862 virgul-

293 1879 351 1924 tis
372 1879 418 1924 in
439 1876 624 1925 honore
643 1879 691 1924 S.
716 1878 898 1925 Nicolai
921 1880 1229 1944 Myrreorum
1248 1878 1486 1941 praesulis,
1515 1877 1715 1941 ideoque

291 1957 448 2013 vicus,
474 1957 555 2021 qui
592 1974 723 2003 nunc
754 1956 929 2004 ibidem
968 1957 1212 2013 consistit,
1245 1957 1419 2021 capella
1451 1957 1498 2001 S.
1532 1955 1712 2002 Nicolai

291 2051 440 2097 usque
463 2033 603 2080 hodie
628 2044 932 2097 nuncupatur
950 2034 1008 2080 ab
1029 2035 1215 2081 incolis.
1239 2036 1534 2099 Frequenter
1553 2034 1714 2080 conti-

291 2110 387 2174 git,
414 2110 535 2155 sicut
569 2110 665 2173 ipse
689 2109 830 2157 nobis
855 2110 1033 2158 referre
1069 2112 1273 2167 solebat,
1305 2111 1434 2175 quod
1460 2110 1711 2157 nocturnis

295 2186 592 2250 temporibus
611 2187 727 2232 dum
750 2188 798 2233 in
820 2188 995 2251 capella
1014 2190 1169 2253 virgea
1194 2189 1453 2234 matutinos
1472 2186 1707 2243 cantabat,

296 2265 433 2327 lupus
457 2282 481 2311 e
506 2274 671 2310 contra
696 2264 871 2311 deforis
895 2265 1074 2322 stabat,
1102 2276 1149 2312 et
1175 2266 1305 2330 quasi
1331 2265 1547 2328 psallenti
1579 2283 1710 2310 mur-

294 2342 530 2388 murando
546 2341 879 2406 respondebat.
901 2343 1195 2390 Venerabilis
1216 2344 1372 2407 itaque
1391 2344 1464 2388 vir
1483 2342 1711 2389 divinitus

342 2508 393 2549 (1)
418 2504 662 2539 Heudicourt.
685 2505 808 2551 Voyez
824 2506 1016 2549 ci-dessus,
1035 2519 1070 2553 p.
1099 2509 1173 2549 114.
1192 2507 1223 2541 Il
1238 2507 1385 2541 11⁷existe
1402 2507 1482 2554 plus
1499 2506 1544 2540 de
1557 2506 1709 2553 vestiges

298 2564 343 2599 de
362 2565 394 2598 la
412 2564 575 2611 chapelle
593 2564 878 2607 Saint-Nicolas‚
901 2566 937 2599 ni
957 2566 1006 2600 du
1024 2566 1178 2601 hameau
1196 2579 1267 2614 que
1284 2574 1390 2601 notre
1408 2573 1536 2600 auteur
1554 2577 1645 2599 nous
1658 2566 1710 2599 in·

298 2622 410 2669 dique
437 2636 579 2658 comme
606 2624 735 2658 §etant
761 2624 877 2658 forme
895 2631 1040 2668 autom,
1064 2626 1153 2659 mais
1177 2625 1377 2660 seulement
1403 2624 1577 2671 quelques
1599 2630 1710 2658 restes

298 2682 407 2717 ‹l'une
430 2684 592 2730 chapelle
615 2684 660 2718 (le
685 2685 981 2728 saint-Sauveur,
1005 2688 1023 2720 ii
1044 2699 1113 2731 peu
1139 2686 1183 2720 de
1208 2686 1368 2720 distance
1387 2685 1436 2718 (lu
1461 2684 1644 2718 territoire
1663 2684 1709 2719 de

300 2748 393 2773 eene
415 2755 618 2775 commune.
