1951 3194
484 317 712 374 LIBER
763 316 1134 391 QUINTUS.

722 474 890 481 ———-—-

161 580 198 625 1.
216 579 449 625 MAJORUM
471 577 682 642 exempla
699 585 950 636 sectantes,
971 576 1145 626 lethale
1162 579 1317 625 otium
1339 579 1518 627 indesi-

96 667 267 705 nenter
300 655 524 704 debemus
561 655 795 713 devitare,
833 655 1037 720 utilique
1069 656 1228 704 studio
1258 668 1305 704 et
1338 658 1515 705 salubri

94 734 323 781 exercitio
353 733 595 780 ferventer
631 731 849 779 insudare
865 751 878 789 ;
911 731 1085 797 quibus
1115 733 1299 780 intenta
1328 753 1462 782 mens
1490 754 1515 781 a

92 812 218 858 vitiis
255 811 558 870 emundatur,
586 820 633 857 et
671 810 721 857 in
747 827 891 858 omne
931 809 1061 858 nefas
1092 812 1220 858 vitali
1264 812 1514 877 disciplina

91 889 295 954 gloriose
318 897 547 935 armatur.
574 888 636 934 In
660 887 915 935 desideriis
949 899 1018 935 est
1045 889 1130 952 (ut
1156 889 1222 935 ait
1247 889 1508 953 Salomon)

91 970 245 1014 omnis
276 968 474 1015 otiosas.
511 967 609 1013 Et:
647 967 902 1014 Desideria
937 967 1168 1014 occidunt
1195 971 1394 1033 pigrum
1416 969 1510 1033 (1).

90 1045 228 1110 Piger
268 1045 499 1092 nimirum
542 1055 588 1092 et
628 1046 809 1092 otiosus
848 1054 943 1103 est,
981 1046 1063 1110 qui
1100 1044 1224 1093 bona
1266 1046 1513 1093 voluntate

92 1138 280 1179 carens,
308 1132 479 1186 sponte
504 1121 630 1167 vitiis
651 1120 909 1168 submissus
935 1132 1021 1169 est.
1044 1122 1387 1170 Miserabiliter
1410 1140 1512 1188 seg-

91 1199 210 1246 nitie
223 1200 373 1264 premi
391 1199 650 1264 Judicatur,
670 1200 753 1265 qui
774 1200 823 1246 in
846 1199 945 1265 lege
960 1200 1155 1248 Domini
1176 1201 1252 1248 die
1271 1218 1323 1247 ac
1336 1211 1479 1249 nocte
1498 1222 1507 1247 ε

91 1276 139 1322 id
160 1286 230 1323 est
253 1278 301 1323 in
327 1277 565 1341 prosperis
585 1288 632 1324 et
654 1277 876 1334 adversis,
898 1295 999 1324 non
1022 1278 1300 1335 meditatur,
1327 1295 1414 1325 nec
1434 1279 1512 1325 in—

89 1353 216 1400 sidiis
248 1371 328 1401 seu
357 1354 614 1401 luctatibus
646 1355 829 1402 Satanae
858 1355 1140 1403 reluctando
1173 1356 1390 1403 resistere
1421 1373 1509 1403 co-

86 1443 246 1490 natur,
274 1444 328 1479 ut
351 1451 568 1497 supernae
587 1434 851 1481 vocationis
870 1433 1091 1481 bravium
1115 1433 1308 1498 adipisci
1331 1452 1510 1482 merea-

86 1521 183 1557 tur.
223 1513 363 1558 Hunc
398 1512 566 1576 procul
600 1511 748 1559 dubio
784 1513 953 1559 nociva
986 1511 1217 1559 desideria
1251 1512 1506 1571 occidunt,

87 1588 202 1635 dum
227 1590 275 1635 in
300 1589 433 1637 bono
459 1599 733 1653 torpentem
756 1589 813 1635 ad
834 1589 983 1638 scelus
1011 1589 1323 1654 pertrahunt,
1351 1601 1398 1638 et
1420 1609 1507 1655 per

84 1666 288 1731 amplam
315 1667 500 1731 proprii
520 1665 683 1713 libitus
701 1669 825 1714 viam
847 1668 896 1713 in
922 1667 1199 1714 barathrum
1222 1667 1506 1732 perditionis

83 1745 391 1808 immergunt.
412 1745 612 1807 Majores
634 1743 780 1808 igitur
794 1745 947 1791 nostri
967 1744 1208 1808 pigritiam
1226 1755 1274 1791 et
1289 1745 1502 1792 otiosita-

83 1834 203 1879 tem,
229 1823 398 1868 animae
423 1822 684 1878 inimicam,
711 1822 901 1885 penitus
921 1822 1271 1880 condemnant,
1298 1840 1502 1887 suosque

82 1915 298 1962 sequaces
327 1898 384 1944 ad
409 1897 716 1944 commodum
741 1897 954 1946 laborem
973 1910 1020 1946 et
1042 1900 1324 1946 exercitium
1344 1899 1502 1946 verbis

83 1987 129 2023 et
159 1976 383 2040 exemplis
416 1976 646 2033 invitant;
676 1987 722 2023 et
757 1977 805 2022 in
835 1976 919 2022 hac
943 1995 994 2024 re
1024 1994 1123 2025 non
1151 1977 1305 2024 solum
1330 1977 1499 2024 Chris-

83 2053 223 2109 tiani,
253 2051 331 2098 sed
361 2053 503 2098 etiam
532 2062 686 2116 poetae
715 2053 914 2117 gentiles
946 2065 1230 2102 consonant.
1259 2054 1341 2101 Ait
1369 2055 1495 2101 enim

81 2130 309 2194 Virgilius
334 2150 342 2174 :

264 2229 365 2274 Quid
384 2229 487 2264 labor
503 2237 567 2264 aut
585 2229 771 2264 benefacta
784 2230 913 2276 juvant
926 2232 939 2264 ἕ)
952 2230 1054 2265 labor
1068 2234 1191 2266 omnia
1204 2233 1317 2267 vincit

265 2289 477 2337 Improbus,
495 2297 531 2325 et
546 2289 649 2324 duris
666 2302 801 2336 urgens
820 2290 856 2324 in
875 2290 984 2325 rebus
1000 2298 1137 2338 egestas
1151 2292 1215 2336 (2).

126 2428 175 2471 (1)
202 2426 321 2468 Proin,
336 2439 402 2469 xxi,
417 2426 473 2461 25.
486 2428 531 2461 La
543 2428 693 2462 citation
707 2427 925 2473 precedente
935 2428 1085 2462 n’existe
1100 2439 1161 2474 pas
1174 2427 1262 2462 dans
1273 2427 1305 2462 la
1320 2427 1490 2474 Vulgate.

139 2498 157 2519 ‘2
199 2486 297 2520 Liscz
320 2515 324 2518 .

124 2488 134 2529 (
162 2487 173 2530 )
422 2534 502 2570 Quid
516 2534 599 2562 labor
613 2543 665 2563 αιιι
683 2533 979 2574 bencfaclajuvantst

627 2589 727 2628 Virg,
748 2590 871 2627 Georg„
888 2599 947 2621 111,
965 2589 1038 2618 525.

554 2654 650 2681 Labor
670 2654 767 2680 omnia
784 2651 878 2680 vincit
891 2675 898 2684 ,

375 2706 525 2743 lwquwlm:
546 2714 571 2732 σι
592 2705 671 2733 (lutis

689 2715 793 2741 urgens
812 2715 841 2731 ΙΙΙ,
859 2705 940 2731 Vultus
960 2712 1083 2742 fgLXSllls.

630 2760 913 2797 Viig.,(1'e‹11·g.,1‚
937 2757 1005 2792 145,
