1951 3194
170 234 437 285 [1031-1060]
659 229 811 268 LIBER
841 227 1075 266 TERTIUS.
1500 226 1572 264 141

168 324 380 360 sanctum
400 328 571 375 corpus
598 310 888 365 insinuatur;
910 325 1006 373 quo
1023 307 1268 371 detegente
1281 303 1462 351 abbatis
1486 304 1578 351 fra—

168 403 389 455 trumque
413 388 570 435 studio
608 387 883 434 solemniter
920 386 1117 432 levatur.
1145 382 1323 430 Deinde
1355 381 1578 428 monachi

166 477 460 531 repertorem
477 465 784 530 reliquiarum
806 463 861 509 ad
882 462 1217 509 monachatum
1238 468 1547 523 susceperunt
1561 494 1575 515 ,

166 555 212 592 et
235 544 476 590 custodem
508 543 624 589 sacri
658 542 848 589 somatis
873 541 1089 587 eumdem
1119 540 1498 594 constituerunt,
1531 547 1578 584 et

165 621 431 668 oblationes
458 619 667 666 fidelium
702 619 742 665 ei
767 618 1125 664 commiserunt.
1159 616 1395 663 Defuncto
1420 626 1579 662 autem

164 696 333 743 abbate
359 713 595 742 successor
621 697 717 759 ejus
742 712 840 741 non
868 704 922 739 ut
942 694 1099 740 decuit
1127 691 1357 738 aedituum
1379 692 1544 738 dilexit
1560 727 1574 749 ,

165 792 253 822 nec
269 786 322 820 ut
336 785 599 820 antecessor
617 775 712 836 ejus
735 789 844 819 eum
861 771 1169 817 amicabiliter
1188 771 1423 815 tractavit.
1441 769 1580 816 Unde

164 853 369 916 graviter
399 861 666 898 commotus
690 860 906 896 sanctum
931 866 1102 913 corpus
1123 857 1272 894 noctu
1302 848 1576 911 assumpsit,

165 946 412 993 secumque
453 929 501 973 in
548 927 748 973 Galliam
787 927 1061 991 asportavit.
1111 924 1386 972 Goisfredus
1422 935 1581 971 autem

164 1006 399 1053 Gomercii
422 1006 494 1068 (ι)
518 1005 765 1068 municeps
789 1004 1006 1051 eumdem
1023 1039 1036 1060 ‚
1065 1021 1173 1049 cum
1197 1002 1416 1049 thesauro
1437 1020 1582 1066 quem

163 1081 367 1143 ferebat,
395 1081 659 1130 honorifice
699 1081 932 1137 detinuit,
971 1091 1017 1127 et
1052 1080 1377 1144 magistratum
1411 1080 1580 1126 castel-

164 1160 284 1207 lanae
309 1161 532 1207 Ecclesiae
548 1196 561 1216 ‚
588 1160 670 1205 ubi
695 1169 901 1224 quatuor
922 1168 1056 1205 erant
1079 1158 1320 1213 canonici,
1347 1175 1495 1222 usque
1524 1157 1582 1203 ad

166 1247 372 1284 mortem
404 1238 444 1284 ei
483 1236 728 1283 concessit.
758 1238 870 1282 Post
892 1234 1083 1300 aliquod
1122 1245 1308 1298 tempus
1349 1235 1582 1280 Henricus

168 1332 249 1360 rex
285 1314 604 1369 Francorum,
629 1313 746 1359 ortis
770 1312 1052 1377 quibusdam
1083 1310 1320 1358 bellorum
1358 1311 1583 1357 tumulti—

168 1390 283 1451 bus,
310 1391 615 1438 Gomercium
640 1390 849 1447 obsedit,
877 1401 924 1437 et
951 1389 1131 1436 viribus
1154 1389 1322 1436 Gallici
1349 1390 1581 1436 exercitus

170 1467 477 1515 Goisfredum
516 1469 802 1533 expugnavit
839 1478 885 1514 et
921 1468 1147 1531 oppidum
1184 1466 1412 1513 incendit.
1456 1467 1583 1513 Dum

170 1563 282 1593 vero
303 1545 540 1593 basilicam
575 1557 621 1593 et
655 1546 790 1592 castri
818 1545 1013 1591 aedificia
1036 1544 1150 1592 edax
1187 1544 1376 1590 flamma
1417 1562 1584 1591 consu-

173 1633 319 1670 meret
336 1659 347 1679 ,
375 1634 421 1670 et
436 1622 659 1671 terribilis
681 1623 860 1669 clamor
884 1621 1267 1687 impugnantium
1286 1633 1328 1668 et
1344 1639 1583 1686 expugna-

171 1712 331 1748 torum
359 1704 439 1766 (ut
470 1703 518 1748 in
550 1701 720 1748 talibus
745 1702 892 1748 moris
922 1702 1019 1764 est)
1047 1700 1256 1764 undique
1279 1711 1578 1764 personaret,

170 1781 425 1828 canonicus
443 1781 636 1845 quidam
660 1797 759 1826 ossa
780 1780 926 1825 sancti
945 1778 1112 1825 Judoci
1138 1777 1195 1825 de
1216 1777 1396 1825 feretro
1423 1789 1583 1824 sustu-

170 1857 251 1916 lit,
277 1869 323 1904 et
345 1857 625 1904 festinanter
646 1857 702 1904 de
736 1856 956 1904 incendio
989 1856 1188 1920 aufugit.
1224 1857 1344 1902 Huic
1372 1856 1498 1903 forte
1517 1875 1582 1903 sa-

173 1935 302 1982 telles
326 1937 478 2000 regius
496 1955 635 2001 super
653 1947 852 2001 pontem
874 1935 1106 1992 obviavit,
1129 1935 1445 1981 suffasciatum
1467 1935 1583 2000 quid

172 2012 319 2059 ferret
362 2013 694 2078 interrogavit,
735 2013 901 2059 fatenti
941 2012 1070 2077 quod
1107 2029 1232 2058 sacra
1271 2012 1545 2059 vestimenta
1565 2048 1579 2069 ,

175 2089 448 2155 codicesque
473 2107 579 2136 suos
597 2100 803 2154 gereret,
833 2100 1001 2135 cuncta
1034 2089 1269 2137 violenter
1287 2088 1506 2146 abstulit,
1536 2100 1583 2136 et

175 2183 328 2213 secum
358 2166 413 2213 ad
440 2168 674 2214 Parnense
699 2168 995 2214 territorium
1021 2165 1288 2231 hujusmodi
1313 2166 1585 2214 thesaurum

175 2244 361 2290 detulit.
382 2245 511 2292 Idem
534 2246 607 2291 vir
623 2244 892 2293 Rodbertus
916 2243 1188 2301 vocabatur,
1211 2255 1258 2290 et
1281 2244 1543 2290 Meslebren
1568 2265 1578 2288 ;

178 2319 224 2365 id
244 2331 311 2366 est
333 2321 529 2368 miscens
555 2321 790 2368 furfurem
818 2320 1243 2387 cognominabatur
1265 2342 1275 2366 z
1303 2331 1494 2384 eratque
1527 2320 1584 2366 de

224 2483 273 2527 (1)
298 2481 578 2518 Prohahlement
594 2486 915 2528 Gomerfontaine‚
935 2487 999 2533 qui
1019 2486 1149 2520 n’avait
1163 2497 1226 2532 pas
1244 2496 1375 2519 encore
1395 2485 1451 2518 cte
1470 2491 1584 2518 trans-

180 2540 294 2574 forme
312 2552 356 2574 eu
374 2540 520 2587 abbaye.
541 2542 591 2576 Ce
608 2555 653 2577 ne
672 2544 727 2578 fut
741 2545 848 2591 qu‘en
867 2556 953 2591 1209
967 2556 1037 2591 que
1051 2545 1204 2590 Hugues
1218 2543 1262 2577 de
1277 2543 1486 2577 Chaumont
1499 2556 1583 2579 con-

181 2613 277 2634 sacra
295 2613 330 2635 sa
348 2601 485 2635 maison
512 2601 557 2635 de
582 2602 882 2637 Goinerfontainc
901 2606 920 2637 a
945 2616 995 2637 un
1019 2604 1287 2638 etahlissement
1306 2602 1350 2636 de
1375 2602 1583 2650 religieuses

183 2659 226 2693 de
238 2660 369 2695 l'ordre
384 2660 428 2695 de
442 2661 606 2696 Citeaux.
619 2662 719 2696 Nous
731 2675 775 2696 ne
788 2674 942 2708 pensons
956 2674 1017 2709 pas
1030 2675 1100 2709 que
1112 2663 1266 2696 l'auteur
1277 2663 1326 2696 ait
1341 2663 1446 2696 voulu
1463 2664 1583 2710 parler

183 2717 228 2751 cle
245 2719 601 2754 Gomets-le-Chaw!
615 2748 622 2761 ,
646 2721 952 2755 arn-ondissomont
972 2721 1015 2755 de
1035 2721 1293 2755 Rambouillet.
