1951 3194
109 296 246 345 [1079]
493 271 497 278 ’
582 294 733 332 LIBER
763 293 1003 343 QUINTUS.
1432 295 1509 332 :389

109 376 229 439 cipe,
241 374 498 439 poenitenti
513 374 779 420 benicrniter
789 392 955 439 parce.
974 374 1066 419 Pro
1082 372 1189 419 filiis
1202 381 1248 419 et
1260 371 1507 430 fratribus,

110 452 413 516 cognatisque
438 452 556 509 suis,
588 452 668 516 qui
697 469 803 497 cum
829 450 1074 497 Rodberto
1098 450 1349 497 exulabant
1367 486 1379 505 ‚
1407 460 1512 495 tur—

108 527 204 574 bati
230 529 478 593 optimates
507 528 705 575 sollicite
729 545 885 591 regem
920 527 1300 593 interpellabant.
1330 526 1511 588 Quibus

110 607 187 653 ille
204 607 447 670 respondit
473 627 482 652 ε
507 607 659 652 Miror
675 606 807 669 qaod
825 616 1068 670 tantopere
1081 623 1174 671 pro
1187 605 1376 671 perfido
1396 623 1513 669 sap-

99 683 302 749 plicatis
332 685 544 739 homine,
571 683 657 746 qai
682 684 818 741 nefas
852 682 1122 728 inauditam
1152 683 1201 727 in
1234 700 1379 746 regno
1411 699 1514 727 meo

108 778 255 808 ausas
300 771 367 807 est
405 761 627 824 incipere.
675 758 931 804 Intestinos
971 757 1195 803 tumultus
1239 769 1406 804 contra
1442 776 1515 803 me

109 839 357 885 commovit
372 859 394 892 ,·
435 840 604 883 tirones
641 853 794 892 meos,
842 853 959 899 quos
1002 836 1105 882 alai
1147 846 1190 881 et
1230 836 1513 881 militaribus

107 917 253 962 armis
299 914 545 972 decoravi,
598 913 820 959 abduxit.
868 913 1129 977 Hugonem
1172 912 1234 958 de
1280 913 1515 959 Castello-

104 993 245 1040 Novo
280 992 376 1055 (1),
415 992 630 1055 aliosque
650 992 928 1053 forinsecos
962 990 1114 1038 hostes
1152 990 1364 1054 undique
1399 990 1517 1035 milti

98 1072 388 1134 procuravit.
429 1068 550 1132 Quis
584 1085 645 1113 ez*
679 1066 1055 1114 antecessoribus
1089 1068 1204 1114 meis
1236 1086 1268 1113 a
1306 1078 1515 1132 tempore

102 1147 317 1193 Rollonis
349 1147 491 1193 talem
511 1162 734 1211 pugnam
767 1163 796 1190 a
827 1144 988 1191 sobole
1018 1162 1108 1191 saa
1132 1162 1387 1209 perpessus
1416 1155 1511 1199 est,

106 1236 154 1271 ut
187 1223 308 1287 ego?
344 1223 652 1270 Gaillelmum
681 1223 849 1287 magni
876 1222 1096 1268 Rollonis
1120 1222 1310 1286 filium,
1343 1232 1386 1266 et
1423 1231 1513 1266 tres

103 1301 342 1348 Ricardos
375 1300 520 1347 duces
548 1300 887 1357 Normannice,
922 1299 1260 1363 dominamque
1290 1315 1445 1343 meam
1472 1308 1514 1341 et

101 1389 288 1444 patrem
308 1378 596 1424 Rodbertam
621 1376 947 1432 considerate,
974 1388 1018 1422 et
1046 1376 1204 1421 videte
1226 1373 1512 1439 qaamflde-

106 1457 212 1502 liter
215 1456 321 1520 filii
335 1456 559 1522 patribus
581 1458 681 1502 sais
706 1472 853 1519 usqae
876 1454 946 1499 ad
966 1464 1162 1499 mortem
1183 1453 1394 1499 serviere.
1417 1452 1514 1497 Iste

105 1533 335 1580 ducatum
380 1533 620 1581 Neastrice
664 1543 707 1578 et
751 1532 1025 1577 comitatam
1073 1531 1512 1576 Cenomannensem

104 1610 223 1656 milii
250 1608 440 1674 auferre
468 1611 657 1674 sategit.
702 1608 874 1654 Gallos
904 1618 947 1652 et
972 1607 1367 1669 Andegavenses‚
1403 1623 1510 1651 cam

103 1688 366 1751 Aquitanis
391 1698 434 1733 et
462 1688 719 1733 innumeris
739 1685 873 1740 aliis,
911 1686 960 1730 in
984 1701 1057 1730 me
1080 1683 1350 1729 terribiliter
1371 1684 1509 1728 exci-

104 1765 180 1810 vit.
213 1763 363 1809 Omne
386 1782 538 1828 genas
568 1762 856 1818 hamanum,
884 1762 928 1807 si
951 1766 1208 1824 potuisset,
1244 1769 1408 1806 contra
1437 1776 1509 1803 me

103 1843 449 1897 commovisset,
477 1852 520 1886 et
544 1858 617 1885 me
644 1840 886 1886 vobiscum
905 1838 1209 1884 trucidasset.
1233 1836 1508 1882 Secundam

104 1918 314 1965 divinam
339 1919 489 1981 legem
504 1935 599 1982 per
619 1918 822 1979 Moysen
848 1916 1015 1961 datam
1038 1915 1201 1960 mortis
1222 1932 1329 1960 reus
1351 1925 1419 1959 est
1425 1950 1441 1969 ,
1466 1924 1508 1959 et

103 2007 236 2042 reatu
260 1996 432 2042 similis
452 1997 500 2040 A
505 1994 704 2049 bsalom,
722 1993 841 2059 pari
859 2010 972 2039 nece
994 1991 1300 2038 mulctandus
1322 2002 1405 2037 est.

170 2072 425 2136 Frequenti
461 2071 701 2134 colloquio
738 2069 1047 2116 Normannici
1090 2085 1308 2132 proceres
1347 2085 1506 2131 regem

100 2150 290 2196 allocuti
327 2161 466 2206 sunt;
504 2160 550 2195 et
580 2148 705 2194 dulci
730 2147 896 2204 assam,
922 2145 1234 2211 precibusque
1257 2163 1505 2192 rancorem

101 2229 197 2290 ejus
231 2227 444 2274 emollire
476 2227 630 2273 conati
663 2236 789 2271 sunt.
822 2225 1067 2288 Episcopi,
1095 2224 1268 2288 aliique
1300 2223 1505 2287 religiosi

105 2304 189 2349 viri
215 2304 384 2350 divinis
403 2302 698 2352 sermonibus
717 2302 940 2348 duritiam
961 2300 1130 2347 tumidi
1155 2300 1308 2346 cordis
1333 2300 1507 2346 contri-

151 2490 202 2532 (1)
227 2488 484 2523 Chateauneuf
495 2501 540 2522 en
555 2488 770 2522 Thimerais.
787 2488 908 2534 Voyez
926 2487 1121 2529 ci-dessus,
1139 2486 1227 2521 livre
1242 2498 1289 2527 lv,
1311 2498 1347 2531 p.
1364 2485 1442 2533 296.
1458 2486 1508 2520 Ce

105 2559 252 2594 passage
269 2560 360 2582 nous
380 2549 553 2583 confirme
571 2548 660 2582 dans
675 2548 852 2594 l’opinion
869 2559 940 2595 que
958 2547 990 2581 la
1007 2546 1168 2594 querelle
1190 2546 1283 2580 avait
1300 2548 1509 2580 commence'¹

106 2609 124 2640 ἐι
143 2607 264 2653 Laigle
277 2609 295 2641 ἐι
308 2607 496 2642 l’occasion
510 2607 554 2642 de
571 2608 602 2642 la
620 2607 799 2642 mauvaisc
813 2606 1042 2653 plaisanterie
1060 2606 1105 2641 de
1119 2605 1509 2640 Guillaume-le-Roux

106 2673 142 2699 ct
167 2666 211 2701 de
238 2668 352 2702 chri
381 2680 506 2702 envers
532 2668 609 2702 leui·
636 2668 728 2702 frere
752 2668 851 2709 aine,
873 2674 908 2701 ct
933 2666 1020 2713 qu'il
1044 2667 1134 2700 n'est
1161 2666 1271 2712 gnere
1290 2664 1444 2711 possible
1465 2665 1509 2698 de

110 2725 226 2770 placer
246 2733 300 2760 cet
319 2729 528 2762 &venemont
544 2729 561 2762 a
576 2739 646 2761 unc
665 2734 767 2761 autre
782 2728 922 2772 cpoquc
944 2738 1014 2771 quc
1034 2724 1121 2759 (lans
1138 2724 1218 2759 Pete
1243 2735 1289 2757 ou
1314 2723 1508 2758 l⁷automnc

108 2782 153 2815 dc
175 2795 256 2830 ¹⁰77
