1951 3194
460 319 535 358 348
824 319 1063 357 HISTORIA
1095 319 1494 359 ECCLESIASTICA.

460 409 677 445 strenuus
703 398 798 443 dux
829 396 1154 445 Godebertum
1177 415 1286 446 ense
1308 401 1537 463 peremit,
1562 411 1608 447 et
1634 399 1873 447 Bertarith

461 475 667 539 fugavit,
695 491 956 538 eorumque
985 492 1186 540 regnum
1210 493 1318 521 cum
1351 493 1514 523 sorore
1545 494 1711 524 eorum
1739 493 1874 523 acce-

460 555 557 617 pit,
580 563 626 599 et
645 570 730 617 per
750 569 801 599 lx
821 571 969 601 annos
994 564 1218 618 potenter
1236 565 1283 601 et
1302 555 1485 601 utiliter
1512 554 1741 602 obtinuit.
1766 554 1874 614 Quo

461 640 655 677 mortuo
698 629 936 676 Bertarith
991 646 1111 676 xvffl
1164 631 1298 677 annis
1348 631 1563 695 regnavit
1579 667 1593 689 ,
1639 641 1686 678 et
1727 630 1876 677 Cuni-

459 716 651 769 pertum
675 706 827 753 filium
851 725 988 753 suum
1024 708 1198 772 (quem
1220 708 1277 755 de
1301 707 1563 755 Rodelinda
1587 707 1748 773 regina
1772 725 1877 753 sus-

462 785 680 848 ceperat)
710 796 981 832 consortem
1006 786 1142 850 regni
1168 786 1433 832 constituit.
1462 784 1620 832 Ambo
1645 794 1876 832 amatores

455 862 653 924 justitiae
675 862 895 920 fuerunt,
918 863 1096 928 Deique
1121 874 1168 910 et
1190 865 1286 926 ejus
1307 863 1531 909 Ecclesiae
1547 862 1756 910 benivoli
1780 862 1878 908 cul-

462 949 587 986 tores
605 975 617 996 ,
652 957 1008 1004 pauperumque
1038 940 1305 987 defensores
1338 941 1610 1004 viguerunt.
1638 938 1877 986 Alacheris

462 1016 710 1062 Brixianus
734 1016 828 1062 dux
853 1027 1018 1064 contra
1044 1034 1123 1064 eos
1145 1017 1391 1063 rebellavit
1408 1053 1419 1072 ‚
1448 1028 1692 1081 totamque
1715 1017 1877 1080 regio-

464 1110 573 1139 nem
603 1094 847 1140 multoties
877 1092 1052 1157 diuque
1077 1092 1375 1157 perturbavit
1394 1129 1408 1150 ,
1438 1094 1589 1141 donec
1615 1094 1878 1157 [luniperto

462 1179 702 1233 pugnante
717 1180 1008 1233 peremptus,
1025 1170 1272 1234 malignari
1287 1169 1441 1217 desiit.
1457 1168 1641 1233 Agatho
1655 1187 1791 1233 papa,
1808 1186 1878 1216 ro-

462 1257 572 1309 gatu
595 1247 917 1305 Constantini,
939 1248 1142 1294 Heraclii
1163 1257 1208 1294 et
1227 1248 1408 1294 Tiberii
1429 1247 1702 1312 principum
1720 1247 1880 1311 piissi-

462 1341 671 1382 morum,
700 1325 967 1373 Johannem
995 1327 1308 1373 Portuensem
1333 1327 1608 1390 episcopum
1633 1335 1679 1373 et
1703 1324 1881 1372 Johan-

464 1420 574 1449 nem
587 1402 858 1459 diaconum,
882 1404 1092 1469 aliosque
1110 1405 1284 1469 legatos
1297 1415 1470 1451 sanctae
1489 1404 1712 1451 Romanae
1731 1403 1878 1450 eccle-

463 1482 542 1527 siae
567 1482 1038 1546 Constantinopolim
1057 1483 1210 1539 misit,
1232 1481 1394 1546 ibique
1416 1499 1501 1546 per
1521 1498 1598 1528 eos
1621 1481 1880 1528 concilium

464 1576 517 1604 CL
540 1560 871 1624 episcoporum
906 1571 1072 1607 contra
1097 1560 1357 1625 Georgium
1393 1558 1707 1624 patriarcham
1738 1559 1879 1623 regiae

463 1636 595 1683 urbis
637 1649 684 1684 et
721 1637 1013 1684 Macharium
1046 1638 1349 1694 Antiochiae,
1388 1637 1597 1701 aliosque
1631 1635 1880 1684 haereticos

465 1716 634 1761 tenuit.
675 1716 836 1761 Finito
874 1714 1103 1762 conflictu
1142 1714 1374 1779 Georgius
1413 1725 1653 1762 correctus
1694 1724 1762 1761 est
1783 1750 1795 1770 ‚
1832 1723 1880 1760 et

463 1793 680 1855 pertinax
714 1792 978 1839 Macharius
1004 1811 1109 1839 cum
1139 1794 1230 1838 suis
1265 1792 1574 1856 complicibus
1601 1792 1877 1839 anathema-

466 1871 630 1916 tizatus
659 1881 742 1917 est.

466 2024 483 2041 a
496 2023 503 2043 1
518 2037 522 2040 .
647 2009 808 2055 lnclytus
828 1990 1032 2045 Ansbertus
1044 2037 1052 2052 ,
1070 2010 1264 2057 probitatis
1282 2009 1441 2044 culmine
1458 2015 1640 2055 comptus,

652 2068 846 2103 Ecclesiam
864 2069 976 2112 rexit,
995 2081 1104 2116 quain
1124 2076 1244 2104 sancte
1259 2068 1465 2103 nobilitavit
1479 2068 1542 2112 (ι).

468 2200 553 2244 llic
578 2216 700 2245 xviii
719 2199 873 2255 annis,
903 2209 1117 2263 tempore
1134 2200 1323 2255 Leonis,
1347 2196 1605 2251 Benedicti,
1627 2195 1874 2251 Johannis,

465 2278 676 2324 Cononis
699 2288 746 2323 et
769 2277 915 2341 Sergii
946 2295 1189 2341 paparum,
1213 2276 1299 2322 sub
1325 2275 1641 2322 Constantino
1664 2284 1711 2320 et
1734 2274 1877 2319 Justi-

466 2356 612 2401 niano
625 2355 817 2418 juniore
836 2354 1022 2401 claruit.
1041 2356 1180 2401 Tunc
1198 2354 1246 2399 in
1263 2352 1413 2399 Gallia
1433 2350 1700 2407 Lotharius,
1721 2348 1877 2396 Theo-

465 2432 648 2478 ‹lericus
671 2443 718 2478 et
743 2431 1006 2478 Hildericus
1034 2440 1378 2495 regnaverunt,
1413 2440 1460 2475 et
1482 2431 1761 2493 majoratum
1786 2426 1876 2474 do-

468 2528 569 2555 mus
593 2511 734 2575 repiee
755 2509 1065 2573 Leodegaiius
1079 2546 1092 2566 ,
1117 2509 1358 2555 Ebroinus
1378 2519 1425 2554 et
1446 2507 1672 2571 Pippinus
1695 2506 1877 2569 primus

646 2547 673 2574 t,

468 2587 749 2633 hahuerunt.

515 2832 561 2852 ¹13
590 2821 684 2854 Sainl
712 2822 862 2855 Anslvm‘l
887 2821 1012 2866 (oSB-g,
1035 2823 1160 2855 iovi-'ivr
1180 2819 1246 2864 (305
1270 2832 1313 2853 oin
1334 2818 1433 2864 (393).
