1951 3194
130 230 268 278 [1080]
620 228 772 267 LIBER
802 227 1045 277 QUINTUS.
1466 231 1543 268 323

128 305 362 352 liodberti
395 307 581 352 comitis
615 307 694 353 vel
731 307 982 354 Gaz‘llelmi
1016 309 1166 372 regis,
1203 307 1309 372 ejas
1342 323 1546 354 conces-

130 389 286 441 sione,
316 400 403 430 rex
428 384 496 430 eis
523 401 619 430 non
648 384 771 431 tollit
798 388 913 448 quin
943 383 1182 440 habeant;
1214 385 1548 431 tantammodo

132 459 259 506 illud
279 460 553 507 nallatenus
575 462 861 519 saisiscant,
885 462 1037 508 donec
1059 463 1108 508 in
1133 464 1269 508 curia
1292 462 1397 526 ejus
1418 480 1551 508 mon-

129 548 275 584 strent
292 537 426 601 quod
445 538 615 584 habere
638 538 860 584 debeant.
888 539 1124 586 Similiter
1140 551 1184 586 et
1202 539 1340 587 laicis
1352 551 1554 606 propter

130 616 218 663 lzoc
242 618 474 682 scriptum
497 634 582 662 rex
607 617 679 662 nil
706 616 850 673 tollit,
879 617 1011 681 qaod
1039 619 1090 663 in
1120 620 1258 665 curia
1288 620 1394 683 ejas
1419 636 1549 664 mon—

129 707 282 740 strare
300 695 484 758 possint
505 695 756 759 episcopos
780 711 877 741 non
902 694 1071 740 debere
1093 694 1267 742 habere
1279 718 1302 751 ,·
1328 706 1549 742 tantum-

129 773 273 819 modo
290 774 535 838 episcopos
554 772 668 818 inde
686 790 781 818 non
801 772 1140 830 disaisiscant,
1166 772 1320 819 donec
1341 774 1390 819 in
1410 775 1548 820 caria

129 852 255 914 regis
282 860 595 895 monstratam
622 853 682 895 sit
707 850 841 914 quod
867 851 1084 916 episcopi
1110 850 1222 896 inde
1250 850 1425 896 habere
1450 869 1547 897 non

129 927 349 974 debeant.

191 1005 303 1050 Haec
339 1004 547 1069 synodus
577 1005 626 1050 in
654 1006 760 1052 vico
791 1005 934 1070 regali
969 1021 1099 1051 secus
1127 1005 1392 1068 Sequanam
1426 1005 1544 1052 cele-

129 1081 259 1127 brata
290 1092 384 1137 est,
412 1081 493 1128 ubi
525 1083 720 1146 antiqua
744 1082 858 1129 urbs
882 1082 976 1128 fuit
993 1118 1005 1139 ,
1032 1100 1140 1147 quae
1165 1082 1351 1128 caletus
1381 1082 1440 1128 ab
1466 1084 1546 1129 in-

129 1160 244 1208 colis
274 1160 396 1207 dicta
424 1170 493 1207 est
522 1162 623 1223 (1);
652 1178 674 1206 a
706 1179 795 1225 qua
822 1162 1159 1224 circumjacens
1190 1178 1336 1225 pagus
1368 1179 1394 1206 a
1426 1162 1544 1207 mari

127 1255 274 1303 usque
299 1238 348 1283 in
376 1238 652 1283 Talaucium
676 1239 915 1302 Calcegius
940 1256 1089 1303 usque
1117 1238 1256 1285 hodie
1283 1239 1547 1302 appellatus

130 1326 214 1362 est.
242 1317 372 1362 Hanc
398 1318 482 1379 (ut
508 1317 555 1362 111
583 1317 789 1381 antiquis
813 1318 1144 1363 Romanorum
1174 1316 1347 1381 legitur
1370 1317 1544 1380 gestis)

130 1391 266 1437 Caius
288 1392 438 1438 Julius
463 1392 617 1439 Caesar
639 1392 850 1450 obsedit,
883 1402 929 1439 et.
957 1409 1047 1456 pro
1077 1392 1224 1438 nimia
1258 1390 1545 1439 bellatorum

130 1469 453 1518 obstinatione
477 1472 605 1516 intus
636 1471 861 1517 acerrime
892 1470 1263 1534 repugnantium
1291 1469 1542 1517 subvertit.

129 1548 308 1595 Deinde
332 1558 580 1612 postquam
613 1548 768 1595 hostes
796 1547 974 1595 ibidem
1003 1548 1059 1593 acl
1088 1547 1280 1593 lihitum
1305 1564 1546 1611 compres-

129 1625 212 1682 sit,
235 1625 526 1671 considerata
549 1625 910 1688 opportunitate
930 1624 1047 1679 loci,
1072 1624 1346 1687 praesidium
1368 1624 1546 1670 Roma-

128 1719 302 1749 norum
327 1701 524 1766 provide
557 1702 833 1758 constituit,
861 1712 907 1749 et
942 1719 964 1746 a
997 1702 1194 1748 nomine
1226 1718 1312 1747 suo
1342 1701 1545 1747 Juliam-

127 1780 307 1825 Bonam
325 1779 392 1842 (2)
416 1779 587 1843 (quam
607 1778 793 1825 barbari
817 1797 947 1825 nunc
972 1788 1202 1841 corrupto
1217 1779 1414 1824 nomine
1432 1779 1544 1825 Ille-

128 1861 306 1902 Bonam
333 1858 643 1919 nuncupant)
674 1857 942 1919 appellavit.

176 2077 187 2120 (
195 2077 224 2120 i)
249 2076 301 2110 Ce
319 2087 405 2109 nom
420 2074 465 2108 de
486 2075 633 2109 Caletas
650 2074 832 2122 qu’aurait
849 2076 954 2120 porte
968 2073 1142 2108 autrefois
1155 2072 1387 2117 Lillebonne,
1404 2074 1543 2108 n'e'tant

129 2135 270 2180 appuye
296 2145 366 2181 que
392 2145 452 2167 sur
472 2133 654 2168 Fautorite'
677 2134 751 2167 tres
774 2132 895 2179 legere
918 2132 964 2167 de
989 2139 1094 2167 notre
1121 2139 1264 2175 auteur,
1295 2144 1340 2166 ne
1363 2131 1441 2167 doit
1464 2133 1541 2168 &tre

128 2205 216 2240 recu
243 2205 314 2240 que
341 2204 483 2227 comme
508 2205 578 2227 une
602 2192 811 2238 conjecture
839 2204 910 2238 peu
933 2191 1207 2226 vraisemblable
1233 2203 1277 2226 en
1299 2190 1539 2235 elle-meme,

128 2254 283 2300 puisque
300 2252 350 2287 les
368 2252 583 2287 chefs-lieux
602 2253 663 2287 (185
681 2253 769 2287 eite's
785 2252 830 2286 (le
850 2252 884 2286 la
906 2252 1024 2287 Gaule
1048 2253 1151 2287 11'ont
1168 2253 1244 2298 pris
1260 2251 1293 2286 le
1315 2263 1401 2286 nom
1419 2251 1464 2287 de
1483 2265 1540 2287 ces

128 2311 264 2346 memes
282 2311 370 2345 cites
388 2311 470 2357 qu’it
486 2311 653 2357 Pepoque
673 2310 723 2344 du
741 2310 988 2357 Bas-Empire.
1005 2310 1083 2345 Elle
1101 2316 1155 2344 est
1168 2309 1351 2344 d'ailleurs
1364 2313 1539 2346 entouree

128 2370 175 2404 ici
192 2369 236 2404 de
254 2368 366 2404 sables
389 2369 575 2404 tellement
600 2369 790 2411 absurdes,
819 2371 929 2417 qu'on
948 2382 993 2404 ne
1011 2376 1117 2404 court
1137 2370 1247 2416 gnere
1270 2368 1315 2403 de
1333 2369 1474 2416 risques
1492 2383 1537 2404 en

128 2429 176 2475 l’y
197 2428 413 2463 re'unissant.

176 2490 227 2532 (2)
254 2486 285 2521 Il
300 2493 355 2521 est
371 2487 653 2533 completement
666 2487 749 2522 faux
763 2499 834 2533 que
851 2486 949 2522 Jules
967 2487 1077 2522 Cesar
1097 2487 1147 2521 ait
1162 2486 1228 2520 fait
1244 2485 1277 2520 18
1293 2486 1391 2533 siege
1403 2486 1449 2521 de
1464 2487 1537 2522 Lil-

129 2547 303 2589 lebonne,
325 2553 362 2581 et
380 2559 451 2593 que
474 2559 514 2581 ce
542 2547 607 2581 fait
630 2547 701 2581 soit
727 2547 901 2593 consigne
928 2546 1017 2581 dans
1043 2559 1162 2581 aucun
1187 2545 1365 2580 historien
1384 2547 1535 2589 ancien;

131 2619 206 2641 non
224 2607 424 2641 seulement
442 2607 467 2641 il
486 2607 542 2641 n'a
562 2620 622 2653 pas
641 2606 751 2642 fonde
770 2606 918 2649 Rouen,
939 2607 1029 2641 mais
1046 2606 1071 2641 il
1094 2619 1140 2642 ne
1156 2606 1273 2654 paralt
1296 2617 1375 2653 paS‚
1397 2606 1536 2654 d'apres

131 2678 185 2701 ses
203 2667 509 2707 Commentaires‚
535 2667 625 2713 qu’il
642 2668 692 2701 ait
704 2666 834 2712 janiais
851 2666 919 2700 mis
936 2665 969 2700 le
985 2666 1069 2712 pied
1092 2666 1180 2701 (laus
1198 2672 1292 2701 cette
1308 2666 1423 2712 partie
1441 2667 1485 2701 de
1504 2667 1535 2702 13

132 2725 250 2759 Gaule
269 2725 331 2771 qui
352 2725 530 2759 constituo
549 2725 580 2760 18
599 2725 782 2760 territoire
801 2723 992 2759 normaud.
