1951 3194
355 261 404 296 78
718 256 958 294 HISTORIA
989 255 1387 293 ECCLESIAsTmA.
1491 258 1758 307 131059-1061]

353 336 560 401 gendum
582 345 627 381 et
654 334 915 381 cailcndum
946 332 1084 380 nobis
1116 332 1266 379 adhuc
1296 334 1426 382 valde
1455 346 1682 399 prosunt,
1715 347 1761 383 et

352 431 437 477 per
467 412 631 458 similis
655 410 865 456 exercitii
891 407 1180 473 probitatem
1209 427 1296 456 nos
1329 429 1351 455 a
1383 410 1520 458 nobis
1550 411 1760 459 otiosita—

352 501 447 538 tem
480 489 712 553 depellere
744 486 986 534 erudiunt.
1022 490 1074 534 ln
1107 487 1402 535 orationibus
1432 499 1478 536 et
1504 489 1673 554 vigiliis
1703 489 1760 535 ab

354 566 549 612 infantia
576 564 667 609 fuit
690 562 920 620 assiduus,
948 573 994 609 et
1020 581 1166 628 usque
1188 562 1245 609 acl
1265 574 1555 611 senectutem
1571 565 1761 629 jejuniis

350 644 543 707 aliisque
565 640 960 689 macerationibus
981 642 1131 688 carnis
1156 642 1395 690 moderate
1420 642 1629 689 intentus
1644 679 1656 699 ,
1679 642 1762 689 ob-

349 729 561 767 servator
586 718 833 765 monastici
861 717 1041 765 ordinis
1063 718 1287 785 diligenS,
1317 731 1362 767 et
1386 720 1442 766 ad
1468 720 1760 785 redarguen—

347 798 459 843 dum
501 807 672 842 sanctae
711 796 882 860 regulae
925 806 1286 861 transgressores
1321 797 1523 844 fervens.
1561 797 1759 861 Episto-

349 876 411 920 las
435 875 563 921 Pauli
590 884 636 920 et
658 872 911 920 Proverbia
943 874 1208 920 Salomonis
1225 910 1236 929 ,
1272 874 1451 938 aliaque
1481 874 1759 939 quamplura

346 962 519 998 sanctae
544 951 804 1014 Scripturae
828 961 1124 1014 syntagmata
1150 952 1297 997 tenaci
1320 952 1548 997 memoria
1569 962 1760 997 contra-

347 1028 555 1084 diderat,
581 1038 628 1074 et
650 1028 700 1073 in
718 1026 1007 1092 quotidianis
1033 1027 1356 1074 locutionibus
1386 1028 1478 1073 suis
1507 1027 1564 1074 ad
1593 1026 1760 1074 exhor—

350 1107 578 1153 tationem
598 1123 790 1162 eorum,
816 1105 990 1170 quibus
1022 1105 1433 1162 confabulabatur,
1467 1105 1755 1169 proferebat.

346 1184 678 1248 Hujuscemodi
717 1183 881 1229 studiis
917 1183 1128 1230 intentus
1154 1186 1252 1246 jam
1280 1199 1359 1230 le
1391 1200 1540 1229 annos
1577 1183 1626 1230 in
1659 1200 1757 1229 mo-

345 1261 518 1308 nachili
564 1261 733 1307 ordine
775 1261 1002 1324 transegit
1023 1296 1036 1317 ,
1078 1270 1125 1306 et
1165 1259 1317 1305 adhuc
1358 1272 1411 1306 ut
1451 1277 1536 1324 per
1576 1259 1759 1306 bonum

344 1339 488 1386 finem
513 1338 570 1384 ad
595 1349 786 1384 aeternae
813 1337 984 1401 quietis
1011 1336 1318 1383 stabilitatem
1343 1337 1631 1400 pertransire
1657 1353 1761 1400 pos-

344 1417 428 1473 sit,
468 1414 556 1461 sub
591 1415 798 1479 Rogerio
839 1412 1009 1461 abbate
1046 1413 1185 1461 bonis
1221 1413 1403 1460 actibus
1445 1414 1586 1461 solito
1625 1431 1759 1461 more

343 1494 533 1539 insistit.

406 1572 536 1616 Dum
564 1569 785 1616 Uticense
819 1566 1097 1616 coenobium
1131 1578 1271 1615 aucto
1298 1579 1538 1615 conventu
1567 1585 1628 1614 XL
1658 1585 1757 1615 mo-

342 1667 371 1695 n
379 1648 606 1695 achorum
622 1647 824 1711 gloriose
840 1646 1253 1703 corroboraretur,
1273 1657 1319 1693 et
1337 1647 1456 1694 ordo
1470 1646 1757 1693 monasticus

343 1726 602 1773 secundum
637 1742 856 1772 normam
892 1723 1066 1770 divinae
1104 1724 1237 1789 Legis
1275 1723 1448 1771 ibidem
1479 1723 1757 1788 regulariter

344 1803 694 1859 observaretur,
720 1803 860 1867 longe
881 1802 1068 1866 lateque
1089 1801 1348 1865 procedens
1368 1801 1489 1847 fama
1508 1800 1752 1858 volitabat,

342 1893 390 1928 et
407 1881 585 1929 multos
606 1880 662 1927 ad
683 1898 894 1927 amorem
919 1882 957 1944 ej
966 1880 1127 1927 usdem
1146 1880 1350 1926 ecclesiae
1373 1878 1619 1925 invitabat.
1642 1879 1757 1939 Qui-

341 1960 450 2006 dam
473 1971 631 2005 autem
653 1957 879 2021 pestifero
904 1957 1054 2004 livore
1079 1956 1428 2014 inficiebantur,
1453 1957 1756 2022 propriaeque

342 2037 534 2083 malitiae
556 2035 784 2082 vulnifico
805 2035 967 2081 missili
991 2035 1331 2098 puniebantur.
1351 2033 1620 2082 Rodbertus
1640 2052 1754 2082 vero

343 2113 484 2161 abbas
516 2114 719 2178 genuina
760 2113 975 2177 largitate
1007 2113 1265 2175 praeditus,
1302 2113 1632 2176 undecumque
1666 2130 1752 2159 ve-

343 2193 526 2238 nientes
549 2190 606 2236 ad
630 2190 988 2237 conversionem
1010 2189 1214 2237 libenter
1233 2188 1535 2252 suscipiebat,
1559 2198 1606 2235 et
1627 2206 1752 2253 quae-

344 2286 436 2333 que
461 2266 688 2313 fratribus
713 2266 770 2312 ad
793 2267 971 2312 victum
995 2284 1075 2313 seu
1096 2266 1318 2313 vestitum
1342 2266 1596 2312 necessaria
1620 2275 1752 2312 erant

344 2346 547 2392 viriliter
577 2342 879 2409 procurabat.
912 2344 1138 2390 Redditus
1166 2344 1393 2389 nimirum
1417 2343 1651 2389 Uticensis
1675 2360 1751 2390 ec-

344 2422 522 2479 clesiae,
549 2438 655 2485 quae
680 2422 728 2466 in
749 2419 894 2466 sterili
915 2437 1034 2484 pago
1053 2418 1294 2483 surgebat,
1317 2418 1373 2465 ad
1393 2427 1572 2465 tantam
1592 2418 1751 2482 dapsi—

343 2498 526 2545 litatem
557 2497 740 2561 praefati
777 2497 924 2560 patris
962 2513 1061 2544 non
1096 2495 1352 2543 sufficiebat
1371 2515 1384 2552 ;
1425 2495 1503 2542 sed
1537 2496 1660 2558 ipse,
1696 2504 1750 2540 ut

344 2576 572 2632 diximuS,
607 2594 662 2622 ex
692 2575 928 2640 generosis
959 2573 1234 2638 parentibus
1265 2573 1534 2638 prodierat,
1565 2582 1611 2617 et
1638 2588 1748 2635 opes

346 2668 511 2697 eorum
541 2651 596 2697 ad
627 2669 763 2697 usum
793 2650 1136 2698 monachorum
1168 2661 1314 2714 prout
1347 2648 1562 2705 volebat,
1601 2647 1745 2692 amica

347 2728 661 2773 familiaritate
693 2729 1043 2785 consentiente,
1076 2728 1353 2791 plerumque
1375 2722 1645 2786 accipiebat.
