1951 3194
430 273 508 312 274
800 270 1043 310 uis'roalA
1075 269 1478 308 ECCLEsmsTicA.
1634 269 1846 320 [699-714]

496 353 627 400 Alios
659 352 777 398 duos
814 350 1009 405 fratres,
1044 348 1175 413 quod
1207 347 1341 395 binas
1380 349 1589 395 flasculas
1621 350 1734 397 celia
1772 350 1846 414 (1)

429 431 643 496 impletas
682 427 770 474 sub
804 427 1004 492 palustri
1041 425 1236 474 sablone
1272 426 1652 485 abscondissent,
1689 428 1849 474 incre-

426 520 534 574 pat,
573 509 732 573 eisque
757 523 848 570 pro
882 515 1012 551 tanta
1043 505 1132 550 viri
1163 505 1248 551 Dei
1277 504 1522 569 sagacitate
1547 505 1849 569 stupentibus

428 597 475 633 et
500 585 557 632 ad
581 584 738 631 solum
762 582 1014 647 prostratis
1041 580 1314 647 benigniter
1339 581 1553 628 indulsit.

492 663 633 707 Fama
670 659 726 707 (16
767 658 907 706 beato
949 657 1187 705 Guthlaco
1225 658 1367 722 longe
1409 657 1597 722 lateque
1635 658 1851 706 celeriter

430 739 622 787 volante
638 774 651 796 ,
686 737 823 783 multi
856 737 911 782 ad
937 754 1045 783 eum
1068 737 1270 783 veniunt
1296 736 1594 782 diversorum
1625 737 1852 783 ordinum

431 818 602 883 gradus
628 837 638 861 ε
667 815 881 870 abbates,
910 814 1130 862 monachi
1150 851 1163 870 ‚
1192 815 1414 871 comites,
1448 814 1643 872 divites,
1671 817 1849 873 vexati,

426 910 750 960 pauperesque
764 892 821 938 de
835 892 1065 956 proximis
1080 892 1375 938 Merciorum
1388 891 1563 937 finibus
1578 903 1624 939 et
1637 892 1694 939 de
1704 910 1854 941 remo-

429 975 491 1019 tis
508 971 771 1019 Britanniae
790 969 1020 1033 partibus,
1043 987 1132 1032 pro
1151 969 1298 1015 salute
1323 970 1539 1033 corporis
1562 980 1644 1015 aut
1662 970 1851 1017 animae.

429 1048 492 1096 Et
506 1049 707 1114 quisque
728 1046 792 1103 id,
815 1063 905 1109 pro
924 1062 1022 1110 quo
1038 1045 1241 1092 fideliter
1254 1056 1466 1102 venerat,
1492 1045 1744 1093 salubriter
1765 1046 1855 1094 ob—

432 1126 633 1174 tinebat.
677 1128 903 1188 AEgrotus
938 1124 1067 1169 enim
1094 1124 1383 1181 remedium,
1423 1124 1570 1170 tristis
1599 1124 1853 1188 gaudium,

430 1206 676 1270 poenitens
695 1202 1091 1260 consolationem,
1113 1212 1160 1247 et
1173 1201 1373 1266 quisque
1387 1203 1553 1248 anxius
1570 1202 1856 1267 percipiebat

431 1283 784 1331 alleviationem
814 1298 899 1344 per
933 1280 1022 1325 viri
1057 1280 1142 1326 Dei
1177 1280 1519 1326 allocutionem
1551 1290 1598 1327 et
1630 1281 1857 1328 efficacem

435 1362 722 1410 orationem.

501 1438 654 1496 Obba,
671 1455 828 1484 comes
842 1437 1010 1502 inclyti
1026 1437 1175 1483 exulis
1191 1436 1438 1484 Edelbaldi
1451 1473 1464 1494 ‚
1478 1436 1593 1483 dum
1606 1456 1691 1502 per
1709 1455 1862 1503 agres-

439 1519 501 1565 tia
526 1535 638 1563 rura
661 1515 959 1580 graderetur,
985 1515 1134 1578 spinae
1157 1514 1347 1561 latentis
1371 1513 1459 1560 sub
1485 1514 1644 1562 herbis
1671 1515 1863 1562 incultae

441 1595 627 1643 telluris
652 1593 803 1640 fixura
831 1593 879 1637 in
901 1592 1018 1654 pede
1040 1591 1177 1637 laesus
1200 1602 1269 1637 est
1283 1610 1296 1647 3
1327 1592 1387 1637 ita
1413 1601 1466 1638 ut
1485 1610 1509 1637 a
1532 1592 1694 1656 planta
1718 1609 1865 1657 usque

441 1674 500 1720 ad
536 1670 724 1719 lumbos
761 1680 918 1716 totum
957 1686 1128 1732 corpus
1167 1670 1264 1733 ejus
1302 1680 1582 1717 tumesceret
1599 1706 1613 1728 ,
1644 1688 1730 1718 nec
1757 1689 1866 1718 eum

442 1767 595 1797 novus
616 1748 755 1795 dolor
770 1746 946 1802 sedere,
969 1746 1041 1792 vel
1061 1757 1201 1803 stare,
1221 1746 1294 1793 vel
1312 1749 1466 1810 jacere
1486 1748 1646 1812 quiete
1664 1748 1862 1804 sineret3

443 1828 572 1874 unde
603 1826 682 1871 vix
708 1824 1014 1871 crulandiam
1037 1825 1273 1887 pervenit.
1303 1826 1420 1871 Mox
1444 1835 1498 1871 ut
1521 1826 1577 1873 ad
1601 1827 1760 1872 virum
1784 1827 1867 1872 Dei

445 1904 703 1971 perductus
723 1914 816 1960 est,
840 1913 887 1948 et
905 1919 1037 1948 causa
1057 1903 1319 1949 vexationis
1338 1921 1394 1950 ex
1415 1903 1584 1951 ordine
1603 1905 1747 1952 relata
1771 1917 1840 1952 est
1853 1941 1865 1962 ,

450 1981 711 2030 Guthlacus
736 1980 910 2027 luterio
932 1979 1176 2027 melotinae
1196 1981 1215 2044 <
1223 1981 1270 2044 2)
1286 2016 1297 2036 ,
1327 1981 1375 2027 in
1396 1999 1493 2046 quo
1513 1982 1694 2030 solebat
1712 2000 1869 2037 orare,

452 2062 607 2125 ipsum
635 2058 970 2114 circumdedit,
998 2059 1253 2124 statimque
1279 2058 1409 2107 dicto
1435 2061 1573 2107 citius
1599 2062 1784 2126 spinula
1814 2061 1872 2109 de

452 2137 571 2202 pede
597 2139 723 2200 ejus,
751 2134 881 2181 velut
909 2136 1075 2199 sagitta
1103 2135 1161 2182 ab
1188 2154 1300 2182 arcu
1328 2137 1542 2195 demissa,
1566 2139 1750 2185 resiliit.
1779 2140 1871 2185 Ea—

452 2216 559 2263 dem
586 2216 743 2277 itaque
765 2212 879 2259 hora
898 2214 1030 2259 omni
1058 2212 1258 2261 humore
1282 2214 1441 2262 sedato
1460 2232 1585 2280 aeger
1602 2216 1871 2273 convaluit,

457 2305 504 2341 et
521 2296 621 2341 Deo
639 2292 810 2357 gratias
827 2309 935 2337 cum
957 2290 1027 2337 his
1044 2293 1127 2356 qui
1151 2291 1238 2339 1106
1261 2292 1503 2350 viderant,
1528 2293 1664 2340 laetus
1688 2295 1872 2342 retulit.

525 2369 777 2431 Quondam
795 2369 979 2416 Headda
998 2370 1171 2432 praesul
1186 2371 1255 2433 (5)
1271 2388 1379 2416 cum
1396 2370 1680 2435 quibusdam
1695 2372 1875 2419 clericis

502 2535 553 2578 (1)
579 2534 714 2580 Espcce
733 2531 777 2566 (16
795 2531 896 2565 hiere
920 2531 1009 2565 dans
1030 2532 1061 2565 13
1080 2534 1315 2579 preparation
1336 2533 1380 2568 de
1398 2534 1553 2582 laquelle
1571 2535 1597 2571 il
1615 2536 1732 2582 parait
1749 2549 1820 2583 que
1843 2537 1876 2572 le

457 2593 516 2627 hle
535 2593 624 2627 etait
642 2591 810 2638 employe
827 2603 872 2624 au
888 2590 962 2625 lieu
982 2590 1121 2637 d’orgc.

504 2653 554 2696 (a.)
580 2652 807 2686 Converture
822 2649 867 2683 (16
886 2649 929 2683 lit
947 2650 991 2683 (16
1011 2662 1125 2696 11631111
1144 2649 1360 2697 d’agucaux.

505 2708 556 2751 (3)
583 2709 685 2743 Saint
710 2708 859 2750 Hcdda⁷
884 2708 1019 2755 cchuc
1039 2708 1083 2743 de
1103 2709 1324 2744 Dorclicstcr
1343 2709 1611 2757 (676-711111161Δ
1634 2709 1731 2758 705).
1756 2712 1878 2758 Voyez

459 2769 509 2803 les
533 2771 624 2803 Acts«
648 2771 713 2803 δ’δ’.
736 2769 875 2803 ordinis
899 2771 931 2802 S.
960 2770 1160 2805 Benedirts.
1186 2784 1269 2805 mec.
1295 2783 1350 2812 111,
1374 2784 1406 2817 p.
1434 2784 1461 2803 1.
