1951 3194
179 265 316 313 [1063]
667 261 819 298 LIBER
848 260 1083 298 TERTIUS.
1510 258 1584 294 103

178 342 344 407 quenti
369 340 668 405 expeditione
693 339 890 386 rebelles
913 340 1183 404 impeteret,
1206 348 1253 384 et
1278 338 1374 401 ipse
1394 337 1466 398 (ut
1485 334 1588 380 bel—

178 419 265 466 lica
285 436 385 466 sors
409 419 613 482 expetit)
639 418 807 463 damna
832 427 1090 480 pateretur,
1116 426 1162 462 et
1184 415 1353 462 damna
1375 410 1589 459 hostibus

180 496 378 544 inferret
398 532 410 552 ,
432 494 685 559 praedictus
713 511 868 541 comes
890 494 1152 540 Walterius
1181 503 1227 540 et
1257 492 1390 539 Biota
1414 490 1589 552 conjux

179 575 275 637 ejus
299 591 384 637 per
403 573 708 619 inimicorum
727 570 1104 616 machinamenta
1130 570 1269 616 simul
1291 570 1373 632 (ut
1395 565 1590 628 ferunt)

180 649 338 698 lethali
365 667 549 697 veneno
573 647 901 695 fraudulenter
926 647 1088 694 infecti
1113 648 1338 695 obierunt
1360 645 1593 710 (1).Qui-

178 726 267 773 bus
299 727 562 783 defunctis,
600 726 811 773 securior
838 725 932 771 dux
965 743 1074 771 cum
1101 742 1275 790 magno
1306 723 1482 771 robore
1513 741 1594 769 re—

177 806 321 852 belles
352 805 581 868 expetiit‚
614 804 1015 850 Cenomannicam
1046 802 1217 850 urbem
1249 801 1429 848 civibus
1463 801 1593 847 ultro

178 901 272 930 sese
304 881 583 930 dedentibus
615 899 724 927 cum
754 882 933 945 ingenti
965 880 1176 945 tripudio
1209 880 1420 943 recepit,
1457 879 1594 941 eique¹

174 959 379 1007 domnus
407 958 643 1004 Ernaldus
674 958 880 1022 ejusdem
911 957 1042 1004 urbis
1069 958 1242 1022 praesul
1275 974 1384 1003 cum
1414 955 1595 1002 clericis,

174 1048 222 1085 et
261 1035 505 1084 monachis
546 1037 780 1084 revestitis
823 1046 978 1082 textus
1027 1052 1282 1099 crucesque
1331 1031 1596 1079 ferentibus

175 1114 522 1162 honorabiliter
546 1114 735 1160 obviam
760 1114 1006 1178 processit.

238 1195 391 1240 Porro
417 1192 695 1239 Goisfredus
719 1192 776 1238 de
799 1192 1027 1238 Meduana
1056 1202 1201 1238 tantae
1225 1190 1439 1237 felicitati
1463 1189 1593 1234 ducis

177 1271 348 1317 invidit
366 1306 378 1327 ,
405 1270 540 1334 eique
564 1281 798 1334 quantum
822 1270 983 1333 potuit
1005 1269 1292 1315 adversarios
1315 1266 1590 1321 excitando,

176 1348 371 1413 aliisque
389 1348 542 1394 modis
566 1348 685 1394 mala
704 1347 1021 1394 machinando
1041 1365 1213 1395 nocere
1236 1345 1434 1392 studuit.
1455 1343 1592 1390 Unde

176 1425 298 1482 dux,
327 1436 576 1490 postquam
602 1426 893 1489 proterviam
918 1428 1041 1489 ejus,
1069 1436 1121 1470 ut
1151 1443 1237 1488 per
1259 1442 1306 1470 se
1331 1423 1431 1469 sine
1463 1422 1592 1468 mul-

176 1513 338 1549 torum
357 1502 647 1549 detrimento
670 1503 1008 1566 corrigeretur,
1036 1500 1312 1565 aliquandiu
1335 1500 1555 1546 toleravit
1576 1535 1587 1553 ,

175 1588 339 1626 contra
364 1590 740 1642 perseverantem
767 1580 813 1625 in
836 1580 1046 1643 nequitia
1070 1580 1310 1643 ingentem
1331 1577 1589 1624 exercitum

174 1656 350 1713 movit,
382 1655 635 1703 Ambreras
661 1658 730 1720 (2)
760 1657 990 1721 oppidum
1014 1658 1110 1720 ejus
1135 1657 1285 1720 cepit,
1321 1666 1367 1703 et
1396 1655 1589 1702 Medua—

174 1751 285 1779 nam
308 1743 417 1796 post
439 1733 674 1780 diutinam
696 1733 993 1782 ohsidionem
1022 1733 1298 1782 combussit.
1327 1733 1409 1779 His
1434 1733 1590 1797 itaque

172 1808 357 1856 duobus
384 1810 581 1857 castellis
605 1811 694 1857 sibi
719 1811 946 1868 subactis,
978 1811 1213 1858 Goisfredi
1240 1810 1589 1857 contumaciam

174 1887 344 1953 fregit,
380 1888 564 1953 sibique
603 1891 781 1953 ipsum,
820 1891 900 1954 qui
941 1890 1224 1936 fortissimus
1252 1891 1589 1935 Cenomanuo-

175 1982 281 2010 rum
305 1966 418 2012 alios
445 1977 682 2014 tumentes
708 1985 866 2014 secum
892 1968 1107 2014 resistere
1131 1966 1380 2023 suadebat,
1414 1966 1588 2012 servire

176 2043 346 2106 coegit.
371 2043 479 2103 Quo
499 2055 742 2108 superato,
769 2063 888 2108 pene
921 2064 1084 2092 omues
1110 2045 1236 2091 illius
1266 2044 1517 2108 complices
1542 2055 1588 2090 et

175 2122 232 2165 ad
271 2120 599 2168 rebellandum
634 2122 867 2180 fautores,
906 2133 1089 2169 terrore
1129 2123 1309 2168 curvati
1356 2132 1493 2178 sunt,
1543 2133 1589 2167 (ft

175 2197 485 2245 Willermum
508 2201 774 2264 principem
791 2237 803 2257 ,
835 2219 975 2264 quem
999 2202 1156 2246 divina
1180 2218 1347 2246 manus
1375 2210 1590 2263 protege-

224 2400 274 2441 (ι)
301 2398 368 2432 Cet
392 2400 606 2434 evenement
628 2407 692 2434 eut
717 2400 788 2435 lieu
807 2404 825 2435 a
843 2401 990 2445 Falaise,
1007 2403 1055 2436 ou
1075 2401 1288 2436 Guillauine
1311 2401 1405 2435 avait
1422 2402 1588 2434 emmone

176 2469 222 2491 eu
239 2457 408 2503 captivit&
427 2458 582 2492 Gautier
596 2467 632 2494 et
651 2473 685 2493 sa
705 2461 838 2494 semme
852 2488 860 2503 ,
882 2473 921 2495 ce
941 2461 1003 2508 qui
1026 2460 1178 2508 indique
1199 2460 1478 2502 suffisamment,
1496 2460 1586 2493 mal-

179 2517 241 2561 gre
258 2515 292 2549 la
310 2515 507 2550 discretion
525 2516 721 2552 d'Orderic
740 2519 839 2554 Vita!
854 2547 862 2561 ,
889 2520 1008 2566 quelle
1032 2520 1129 2554 main
1148 2519 1240 2552 avait
1264 2519 1364 2552 verse
1390 2517 1423 2551 le.
1441 2518 1583 2564 poison.

178 2576 242 2610 Les
264 2577 557 2622 contemporains
576 2584 611 2612 et
631 2585 775 2612 surtout
800 2579 850 2612 les
869 2580 1035 2614 ennemis
1052 2579 1102 2613 du
1122 2578 1192 2611 duc
1210 2591 1231 2623 y
1250 2578 1486 2624 apporterent
1506 2578 1585 2624 plus

176 2634 222 2669 ‹le
241 2635 433 2677 franchise,
456 2642 493 2669 et
508 2635 559 2670 lui
577 2637 822 2682 exprimerent
841 2645 992 2672 souvent
1008 2645 1111 2671 toute
1125 2637 1307 2671 l'horreur
1325 2648 1396 2684 que
1414 2649 1454 2671 cc
1474 2638 1585 2671 crime

180 2691 257 2726 leur
271 2694 456 2740 inspirait,
478 2706 619 2728 comme
635 2706 726 2729 nous
745 2708 877 2731 aurons
891 2696 1055 2730 occasion
1074 2695 1117 2730 de
1138 2696 1169 2730 le
1190 2696 1266 2729 voir
1285 2695 1497 2731 ci-dcssous.

224 2750 273 2794 (α)
299 2752 507 2787 Αιηὺιήὲνρς
528 2754 754 2797 (mayenne).
