1951 3194
131 319 271 368 [1050]
626 319 777 357 LIBER
807 318 1041 357 TERTIUS.
1500 326 1547 361 19

131 397 492 455 archidiacono,
523 399 719 464 aliisque
743 399 924 447 clericis
950 400 1042 445 suis
1057 435 1070 456 ,
1091 399 1283 446 Uticum
1311 403 1520 465 perrexit
1534 440 1549 462 ‚

132 485 181 521 et
203 473 524 522 venerabilem
546 475 859 523 Teodericum
887 474 1182 523 coenobitam
1205 494 1364 524 secum
1388 477 1549 537 duxit,

134 570 338 618 eumque
364 552 429 600 ibi
457 565 532 600 111⁰
561 571 711 600 nonas
735 553 947 600 octobris
975 553 1052 602 die
1076 556 1331 604 Dominico
1357 574 1553 604 venera-

135 630 300 678 biliter
314 632 623 680 consecravit.
648 631 903 678 Ordinatus
920 643 1080 680 autem
1097 651 1196 681 non
1216 635 1265 680 in
1285 635 1554 699 superbiam

138 708 285 755 elatus
304 719 391 766 est,
413 709 491 756 sed
509 709 753 773 religionis
774 709 898 754 viam
913 710 1069 756 verbis
1093 722 1139 757 et
1160 711 1386 775 operibus
1405 724 1557 760 osten-

137 784 279 833 debat
302 786 390 844 his,
413 786 586 851 quibus
610 786 832 850 praelatus
857 798 939 833 est.
961 788 1049 833 Hic
1071 789 1305 835 nimirum
1327 790 1386 836 ab
1406 791 1560 838 infan-

140 866 204 911 tia
228 866 277 912 in
298 864 443 912 domo
462 865 658 912 Domini
682 867 897 912 nutritus
921 865 1104 925 fuerat,
1126 866 1412 933 diutinoque
1436 870 1562 916 sedi—

139 943 269 989 mine
304 942 572 1007 religiosam
607 943 753 988 vitam
783 943 963 1007 jugiter
998 942 1170 990 ducere
1216 944 1461 992 didicerat.
1507 948 1562 992 In

140 1021 312 1066 sanctis
349 1019 648 1068 orationibus
687 1031 831 1084 atque
875 1020 1048 1084 vigiliis
1090 1038 1280 1068 necnon
1323 1023 1373 1068 in
1411 1021 1564 1069 absti—

142 1099 305 1145 nentia
323 1098 531 1145 assiduus
555 1108 670 1146 erat.
699 1097 980 1162 Frigoribus
1005 1099 1147 1145 etiam
1167 1099 1216 1144 in
1238 1110 1426 1147 tantum
1452 1119 1566 1149 cor—

141 1192 231 1240 pus
257 1176 511 1240 proprium
535 1174 768 1241 affligebat
782 1211 797 1234 ‚
821 1185 877 1220 ut
899 1192 984 1239 per
1004 1186 1155 1222 totam
1179 1177 1434 1242 aliquando
1460 1178 1567 1225 hie-

144 1270 271 1300 mem
309 1254 409 1299 sine
446 1253 631 1317 pellicia
670 1264 991 1317 permaneret.
1038 1253 1252 1314 Quadam
1296 1255 1455 1320 itaque
1493 1255 1568 1302 die

145 1329 259 1376 dum
302 1329 561 1377 secundum
600 1347 787 1377 morem
827 1341 1111 1377 consuetum
1151 1331 1239 1377 sibi
1284 1333 1569 1379 sacrificium

147 1407 248 1454 Deo
276 1408 449 1455 offerre
477 1407 731 1464 voluisset,
761 1407 999 1471 pelliciam
1030 1408 1142 1453 miri
1178 1408 1397 1456 candoris
1429 1427 1571 1474 super

149 1487 293 1532 altare
315 1485 517 1549 positam
538 1485 737 1531 invenit.
762 1485 915 1544 Quam
933 1502 1032 1531 non
1054 1485 1275 1531 manibus
1295 1485 1567 1545 hominum,

149 1562 229 1609 sed
255 1563 533 1627 angelorum
565 1562 661 1607 illic
689 1580 790 1609 eam
818 1579 914 1609 esse
943 1563 1149 1626 positam
1181 1580 1283 1610 non
1313 1563 1539 1610 dubitans
1556 1600 1569 1622 ‚

151 1642 255 1688 Deo
273 1641 442 1706 gratias
461 1641 582 1705 egit,
605 1652 651 1688 et
672 1640 867 1687 indutus
886 1658 987 1687 eam
1009 1641 1307 1706 gratulanter
1325 1643 1573 1690 servitium

152 1718 367 1766 divinum
390 1720 590 1784 peregit.
618 1721 721 1767 Hoc
747 1719 809 1764 ita
838 1729 1022 1783 gestum
1053 1718 1196 1767 fuisse
1229 1720 1277 1766 in
1306 1720 1577 1768 Gemmeti—

154 1799 279 1846 censi
306 1798 521 1856 ecclesia,
551 1797 666 1843 dum
689 1796 840 1843 adhuc
866 1797 1125 1844 claustralis
1150 1809 1266 1844 esset
1291 1798 1572 1857 monachus,

155 1894 179 1921 a
203 1875 448 1923 monachis
472 1874 734 1932 veracibus,
761 1875 843 1940 qui
869 1886 985 1921 tunc
1010 1875 1060 1920 in
1084 1875 1358 1939 supradicto
1382 1893 1578 1922 monas—

159 1954 281 2001 terio
305 1953 637 2010 morabantur,
666 1952 947 1999 audivimus.
976 1953 1116 1998 Hunc
1138 1952 1421 1999 &enerabilis
1447 1955 1578 2000 Teo—

158 2030 372 2091 dericus,
416 2030 804 2078 Gemmeticensis
849 2029 991 2075 abbas
1029 2031 1125 2093 (1),
1170 2030 1226 2077 (le
1266 2048 1399 2078 sacro
1439 2031 1576 2078 fonte

161 2108 393 2155 levaverat
407 2144 420 2165 ,
446 2119 493 2155 et
511 2108 599 2154 sub
622 2107 879 2155 monachili
900 2109 1015 2172 jugo
1034 2108 1083 2154 in
1101 2107 1259 2155 schola
1277 2109 1452 2156 Christi
1471 2108 1579 2156 edu-

161 2197 320 2232 catum
342 2186 552 2232 multum
578 2185 823 2232 dilexerat.
850 2186 1031 2245 Quem,
1058 2185 1172 2233 dum
1199 2186 1321 2234 idem
1345 2187 1401 2233 ad
1426 2186 1579 2234 robur

162 2265 297 2311 virile
328 2265 553 2321 venisset,
584 2263 819 2329 bonisque
851 2263 1068 2311 moribus
1098 2264 1400 2312 laudabiliter
1430 2265 1578 2329 polle-

163 2353 261 2400 ret,
288 2343 519 2389 vicarium
548 2343 617 2389 sui
641 2342 696 2390 ad
715 2344 983 2389 animarum
1004 2344 1133 2389 lucra
1152 2343 1380 2389 fratribus
1404 2344 1578 2389 consti-

171 2547 257 2583 1077
271 2562 279 2577 ,
299 2534 388 2567 ctait
406 2533 460 2567 fils
474 2533 519 2568 de
537 2534 750 2570 Guillaume
762 2562 771 2578 ,
792 2541 911 2568 comte
929 2533 1021 2568 d⁷Eu
1039 2541 1076 2568 et
1093 2533 1139 2568 de
1154 2533 1353 2575 Leswliue,
1376 2531 1579 2565 fondatrice

167 2595 217 2629 du
237 2599 392 2628 convent
419 2592 464 2627 de
493 2593 940 2629 saint-Pieri-e-sur-Dive.
958 2594 1073 2628 Notm
1098 2600 1228 2627 auteur
1245 2591 1337 2625 ecrit
1354 2589 1579 2625 indifferem-

169 2662 272 2690 ment
289 2655 529 2689 Leaeoviensis
547 2660 583 2687 ct
601 2655 846 2689 Luxovz'ensis
858 2683 865 2696 ‚
888 2666 1029 2688 comme
1054 2654 1258 2687 [Villelmus
1277 2658 1312 2686 et
1337 2650 1386 2686 W
1384 2652 1560 2686 [Hermus.

218 2716 268 2760 (1)
293 2713 461 2757 Thierri‚
490 2713 688 2759 originaire
714 2715 759 2748 de
789 2714 899 2758 Dijon
917 2720 953 2747 et
970 2712 1121 2759 disciple
1138 2712 1188 2746 du
1211 2711 1582 2747 hienheureuxssuil-

171 2772 372 2815 laun1e‚fut
389 2771 479 2806 abbe
496 2770 540 2805 de
560 2771 746 2817 J11mi{›gos
764 2771 892 2817 depuis
911 2770 1151 2817 1014jusqu'21
1170 2770 1201 2804 la
1222 2770 1269 2804 sm
1288 2770 1333 2804 de
1358 2781 1456 2817 1027,
1470 2782 1516 2804 ou
1534 2781 1581 2803 au

174 2837 485 2866 commencement
504 2830 548 2862 do
573 2830 669 2862 1028.
