1951 3194
425 232 501 271 418
784 228 1027 268 HISTORIA
1056 226 1462 266 ECCLESIASTICA.
1578 232 1696 279 [cmm
1713 229 1833 279 1083]

422 324 622 370 vacant,
643 323 692 358 ut
705 327 805 357 sese
819 309 1168 371 crucifigentes,
1188 308 1294 355 Deo
1306 326 1394 373 per
1407 310 1570 356 omnia
1584 309 1828 374 placeant.

423 391 534 456 Ipsi
547 405 715 453 nempe
731 385 927 442 mundo,
955 385 1308 450 mundanisque
1316 387 1551 450 parasitis
1577 386 1829 443 insultant,

424 467 540 512 dum
569 463 820 510 mundana
849 462 1195 508 oblectamenta
1223 461 1353 507 velut
1385 472 1562 508 stercus
1594 462 1829 519 devitant,

422 553 467 588 et
496 539 771 587 mundanas
803 556 916 605 opes
943 555 1035 604 pro
1067 555 1277 603 superna
1304 555 1389 603 spe
1422 538 1837 603 contemptibiliter

421 617 722 666 conculcant.
752 616 1007 682 Asperitas
1034 615 1274 661 illisinest
1304 625 1347 660 et
1371 613 1535 661 vilitas
1561 616 1611 660 in
1632 616 1829 674 vestitu,

420 697 616 744 siccitas
643 705 687 742 et
701 695 923 761 parcitas
951 694 1001 739 in
1021 696 1178 749 victu,
1208 703 1252 739 et
1274 695 1580 758 propriarum
1606 695 1832 739 resecatio

418 774 715 821 voluntatum
740 783 941 838 propter
963 788 1171 818 amorem
1199 771 1402 817 Domini
1430 770 1470 817 J
1469 788 1567 817 esu.
1604 770 1740 835 Quid
1772 771 1833 817 de

420 856 638 900 castitate
660 862 703 898 et
725 852 859 898 omni
879 850 1201 906 continentia,
1229 848 1352 912 quid
1374 848 1435 894 de
1457 849 1643 895 silentio
1662 866 1832 895 mona-

419 931 611 979 clzorum
630 940 673 976 et
691 927 951 986 modestia,
974 926 1093 991 quid
1111 926 1317 990 denique
1338 926 1503 973 dicam
1522 926 1582 974 de
1600 926 1829 973 obedien-

417 1010 486 1056 tia
497 1008 524 1055 ,⁹
544 1009 814 1054 Tantarum
832 1006 976 1069 copia
993 1006 1224 1050 virtutum
1239 1003 1573 1067 magnitudine
1586 1006 1665 1050 sui
1677 1021 1831 1050 meum

417 1085 638 1134 obtundit
653 1086 913 1147 ingenium,
919 1084 1181 1146 fateorque
1195 1098 1269 1127 me
1287 1098 1383 1127 non
1390 1099 1533 1144 posse
1550 1081 1835 1144 sufficienter

416 1166 552 1211 illam
568 1165 837 1229 exprimere
854 1178 943 1226 per
962 1161 1057 1206 oris
1077 1159 1303 1223 officium.
1331 1159 1392 1205 In
1415 1159 1658 1223 regalibus
1676 1159 1831 1206 claus-

416 1244 499 1290 tris
519 1244 621 1289 veri
637 1240 914 1296 coenobitae,
938 1238 1089 1286 veluti
1096 1238 1227 1303 filice
1245 1240 1392 1301 regis,
1421 1237 1728 1295 clauduntur,
1750 1255 1826 1295 ne,

412 1323 457 1368 si
475 1338 571 1386 per
588 1319 852 1376 exteriora,
878 1328 1108 1381 tanquam
1134 1316 1271 1362 Dina
1291 1315 1394 1361 Lice
1407 1314 1525 1379 fllia
1538 1351 1555 1371 ,
1581 1314 1830 1380 impuden-

416 1409 483 1444 ter
498 1406 779 1460 evagantur,
804 1413 835 1441 a
855 1393 1046 1440 Siclzem
1047 1392 1163 1457 filio
1183 1393 1339 1438 Emor
1353 1391 1401 1437 E
1404 1392 1475 1438 vei
1492 1390 1584 1454 (1),
1608 1391 1678 1438 ad
1694 1392 1741 1437 in
1737 1392 1829 1456 ju-

414 1477 539 1523 riam
556 1474 707 1539 rigidi
722 1475 894 1539 patris,
900 1470 1236 1537 ferociumque
1254 1469 1461 1516 dedecus
1463 1467 1701 1532 fratrum,
1724 1480 1829 1515 tur-

411 1555 934 1618 pitercorrumpantur.
958 1549 1069 1614 Ipsi
1083 1558 1274 1604 tutores,
1297 1564 1354 1593 ne
1374 1545 1602 1593 labantur
1617 1547 1667 1592 in
1687 1549 1829 1612 septis

416 1631 532 1686 suis,
555 1628 800 1687 sibifiunt,
823 1638 865 1672 et
890 1627 1014 1689 lapsi
1029 1642 1120 1689 per
1136 1641 1402 1680 excessum,
1430 1625 1480 1669 in
1494 1623 1828 1689 penetralibus

417 1709 519 1753 suis
546 1716 852 1753 accusatores
875 1704 955 1749 sui
976 1713 1115 1757 sunt,·
1134 1719 1351 1766 seseque,
1379 1713 1430 1746 ut
1456 1719 1628 1747 aurum
1651 1702 1700 1746 in
1708 1701 1828 1764 sor-

418 1801 562 1842 nace,
590 1783 652 1828 ab
679 1783 811 1829 omni
837 1781 998 1828 scoria
1016 1782 1240 1826 vitiorum
1257 1778 1542 1825 omnimodis
1569 1796 1830 1843 excoquere

416 1871 664 1925 satagunt.
688 1859 823 1905 Unde
843 1875 948 1904 reor
955 1873 1124 1922 preces
1145 1873 1303 1901 eorum
1323 1856 1434 1921 (pro
1453 1855 1827 1920 quibuscumque

402 1935 836 2003 fidelibussuerint
858 1935 1055 2000 efficsoe)
1080 1944 1192 1980 ante
1215 1933 1433 1980 thronum
1454 1933 1630 1981 divinae
1652 1935 1826 1999 mases-

420 2016 533 2062 tatis
555 2032 670 2061 mooe
688 2012 1020 2069 conscendere,
1047 2022 1090 2057 et
1110 2010 1171 2057 ab
1198 2016 1302 2077 ipso
1326 2028 1435 2075 rege
1456 2010 1689 2069 Sabaoth,
1719 2029 1827 2075 qua]

411 2091 746 2157 poposcerint,
779 2088 1032 2136 credenda>
1055 2098 1164 2135 sunt
1186 2087 1405 2133 obtinere.
1435 2092 1482 2133 A
1505 2090 1691 2134 secretis
1718 2105 1825 2134 mo—

420 2169 685 2216 nachorum
717 2186 748 2214 a
774 2168 1017 2232 juventute
1047 2183 1155 2211 mea
1188 2164 1369 2211 diutius
1401 2165 1563 2222 extiti,
1603 2175 1646 2210 et
1674 2181 1824 2211 mores

421 2264 597 2303 eorum,
607 2244 928 2309 familiariter
953 2245 1171 2300 rimatus,
1191 2241 1384 2289 edidici.
1404 2242 1560 2306 Ergo,
1580 2241 1696 2288 dum
1716 2259 1824 2288 om-

421 2326 581 2380 nium,
610 2324 694 2387 qui
716 2324 766 2368 in
795 2333 917 2368 terra
948 2332 1082 2379 sunt,
1122 2320 1394 2368 mortalium
1422 2321 1562 2366 ritum
1592 2319 1819 2378 discutio,

421 2411 465 2446 et
508 2402 809 2446 eremitarum
843 2409 986 2462 atque
1030 2398 1372 2444 canonicorum
1409 2398 1537 2443 vitas
1571 2396 1827 2461 diligenter

418 2478 683 2541 perspicio,
718 2491 878 2521 omnes
903 2475 1242 2521 monachorum
1254 2512 1270 2532 ,
1299 2477 1385 2538 qui
1407 2476 1637 2521 canonice
1663 2478 1823 2521 vivunt

421 2565 464 2598 ct
511 2553 731 2600 ordinate
771 2565 1010 2617 reguntur,
1052 2554 1155 2599 vita
1196 2551 1439 2621 inJeriores
1483 2552 1640 2598 video.
1686 2552 1821 2597 Unde

469 2722 518 2765 (ι)
546 2724 637 2757 Lien-z
656 2739 660 2742 ·
685 2723 818 2757 Hermu·
835 2722 971 2757 Ileooei.
990 2724 1085 2758 Gen.
1104 2734 1211 2764 xxxnx‘,
1237 2736 1245 2755 1
