1951 3194
556 272 707 310 LIBER
739 271 977 321 QUINTUS.
1394 277 1466 313 371

71 349 241 416 quibus
275 351 469 398 fortuna
500 351 703 397 nimium
735 350 969 397 variabilis
996 352 1168 398 extitit.
1203 352 1270 398 De
1297 352 1471 416 quibus

70 427 251 491 prolixa
275 438 321 475 et
341 446 502 475 rerum
524 428 745 475 varietate
763 427 911 474 dulcis
936 428 1129 476 historia
1151 430 1467 494 compaginari

70 507 296 553 veraciter
317 507 341 552 a
365 507 582 553 studiosis
605 507 767 569 possit.

74 629 126 669 44.
256 627 389 662 Praesul
408 626 615 667 Maurilius,
635 625 807 659 doctrinae
824 625 904 660 luce
923 627 1076 661 refertus
1088 656 1097 670 ,

258 684 421 719 Moribus
437 683 576 718 eximiis
595 682 768 729 praefulsit
786 689 823 716 et
840 683 980 717 actibus
998 683 1111 717 almis

72 796 159 841 Hic
182 811 352 859 genere
377 794 705 857 Maguntinus,
733 794 781 838 in
811 791 929 839 urbe
955 793 1196 839 Florentia
1222 794 1476 840 monachili

72 870 297 918 coenobio
319 869 499 916 abbatis
525 872 628 935 jure
659 869 878 934 praefuit,
911 881 958 917 et
983 888 1150 918 exosus
1174 880 1481 935 transgresso-

72 948 203 994 ribus
219 965 307 1012 pro
323 948 479 1012 rigore
495 946 756 1010 disciplinae
768 982 780 1003 ,
799 964 1036 994 venenum
1056 949 1104 993 in
1130 958 1249 1011 potu
1267 947 1355 993 sibi
1375 966 1483 1011 pro-

71 1026 235 1089 pinato
257 1023 584 1088 deprehendit.
610 1023 748 1070 Unde
772 1025 1117 1071 sanctissimum
1141 1036 1342 1089 patrem,
1370 1025 1484 1072 doc-

74 1112 321 1166 toremque
336 1101 645 1148 Benedictum
662 1111 864 1158 secutus,
885 1100 1232 1165 incorrigibiles
1252 1101 1456 1148 deseruit
1468 1138 1480 1159 ,

75 1190 122 1226 et
157 1180 206 1225 in
239 1179 507 1226 Neustriam
544 1195 653 1224 cum
683 1177 917 1225 Gerberto
956 1180 1153 1242 sapienti
1187 1190 1234 1225 et
1264 1179 1483 1242 religioso

75 1255 310 1303 monacho
336 1266 548 1319 tempore
583 1255 812 1302 Johannis
849 1255 1029 1302 abbatis
1064 1257 1390 1320 compatriotae
1415 1257 1484 1301 sui

74 1335 358 1380 Fiscannum
379 1333 534 1389 venit,
564 1332 723 1397 ibique
753 1333 969 1380 stabilem
994 1334 1049 1379 ad
1076 1334 1260 1379 cultum
1288 1352 1484 1380 summae

77 1423 124 1457 et
148 1410 402 1456 individuae
425 1410 673 1456 Trinitatis
701 1409 1043 1459 habitationem
1072 1411 1160 1457 sibi
1186 1411 1341 1476 elegit.
1371 1411 1485 1457 Inde

78 1498 185 1552 post
207 1487 398 1551 aliquod
424 1498 606 1551 tempus
627 1488 932 1534 ecclesiastica
953 1489 1184 1536 electione
1204 1499 1483 1552 assumptus,

79 1566 323 1629 (deposito
356 1564 616 1629 Malgerio)
650 1566 1074 1629 metropolitanum
1108 1567 1288 1629 apicem
1323 1584 1485 1612 ascen-

75 1643 172 1699 dit3
212 1654 258 1690 et
289 1659 357 1688 xil
393 1642 561 1699 annis,
598 1652 813 1705 tempore
839 1643 1069 1699 Victoris,
1098 1641 1353 1705 Stephani,
1397 1643 1483 1687 Ni-

77 1721 193 1767 colai
228 1730 275 1766 et
313 1719 565 1766 Alexandri
599 1737 825 1783 paparum
864 1720 1054 1776 floruit,
1097 1738 1322 1784 nonoque
1355 1739 1482 1767 anno

77 1798 354 1862 praesulatus
369 1798 436 1843 sui
455 1798 871 1861 metropolitanam
885 1797 1120 1844 basilicam
1137 1798 1366 1844 dedicavit
1383 1800 1476 1861 (1).

78 1877 287 1939 Corpora
320 1892 432 1920 vero
461 1875 634 1919 ducum
664 1875 880 1920 Rollonis
911 1887 957 1920 et
983 1876 1223 1921 Guillelmi
1256 1893 1483 1922 reveren—

79 1963 151 1997 ter
184 1952 231 1997 in
271 1968 444 1995 sacram
478 1950 623 1995 aedem
664 1951 936 2005 transtulit,
969 1962 1014 1996 et
1049 1951 1297 1997 Rollonem
1332 1969 1479 2015 prope

75 2028 249 2074 ostium
272 2025 510 2081 Australe,
536 2036 581 2071 et
598 2025 907 2072 Guillelmum
933 2045 1060 2072 secus
1084 2028 1260 2073 ostium
1286 2027 1472 2092 Aquilo-

75 2104 179 2150 nale
202 2102 474 2159 tumulavit,
500 2113 547 2148 et
574 2102 804 2166 epitaphia
826 2121 992 2150 eorum
1020 2122 1160 2168 super
1179 2104 1285 2151 illos
1310 2105 1477 2151 litteris

76 2181 226 2226 aureis
248 2179 508 2225 annotavit.
539 2179 755 2224 Rollonis
781 2190 936 2225 autem
962 2180 1124 2225 titulus
1156 2180 1257 2226 talis
1280 2192 1365 2227 est.

122 2398 171 2441 (1)
198 2395 349 2430 Maurile
366 2395 584 2441 (septembre
600 2394 730 2441 1055-9
746 2395 830 2430 aofit
851 2395 960 2443 1067).
976 2397 1041 2430 Les
1052 2405 1146 2431 actes
1161 2397 1223 2432 des
1236 2399 1477 2447 archechues

79 2456 123 2490 de
142 2455 271 2489 Rouen
291 2461 371 2488 sont
388 2454 462 2488 loin
479 2454 523 2488 de
542 2455 738 2489 s’accorder
756 2455 1035 2501 completement
1056 2469 1136 2490 avec
1152 2464 1256 2491 notre
1270 2466 1398 2492 auteur
1417 2472 1478 2494 sui·

81 2527 144 2549 son
163 2521 317 2560 compte.
347 2514 447 2547 Ainsi
464 2525 535 2560 que
553 2526 616 2548 son
641 2514 828 2560 epilaphe‚
852 2513 894 2547 ils
917 2514 948 2548 le
966 2515 1044 2549 font
1062 2516 1176 2549 naitre
1196 2519 1212 2547 a
1232 2516 1374 2559 Reims,
1396 2520 1476 2552 etu-

79 2572 158 2607 dier
180 2574 199 2605 Ξι
224 2572 348 2617 Liege,
371 2571 451 2617 puis
469 2572 570 2606 venir
593 2571 734 2606 habiter
756 2583 828 2605 une
847 2572 1025 2618 premiere
1043 2573 1109 2607 sois
1133 2574 1287 2620 Fecamp
1311 2583 1415 2609 avant
1433 2576 1477 2610 de

78 2643 114 2666 se
131 2630 262 2666 rendre
280 2642 324 2664 en
344 2629 457 2664 Italie.
481 2630 581 2664 Nous
597 2642 751 2677 pensons
768 2642 838 2676 que
859 2630 909 2664 les
928 2630 1133 2666 re'dacteurs
1150 2631 1195 2666 de
1214 2644 1271 2666 ces
1293 2640 1388 2668 actes
1411 2642 1469 2668 0111

79 2691 136 2724 ete
155 2692 173 2723 a
190 2691 315 2736 portee
342 2688 387 2722 de
415 2689 595 2724 recueillir
623 2690 685 2724 des
712 2690 1019 2734 renseignements
1043 2690 1122 2737 plus
1150 2699 1266 2727 exacts
1294 2705 1364 2740 que
1388 2706 1475 2728 ceux

82 2749 144 2795 qui
162 2750 316 2795 figurent
336 2750 393 2783 ici,
