1951 3194
142 225 240 272 [Pos'r
266 222 385 270 1063]
634 218 787 256 LIBER
818 218 1052 258 TERTIUS.
1479 223 1549 258 111

140 300 292 345 lermo
315 295 483 343 abbate
509 297 557 341 S.
582 295 812 342 Eufemiae
834 293 933 344 filio
954 294 1148 343 Unfridi
1171 294 1228 341 de
1249 294 1454 341 Telliolo
1480 297 1554 359 (1)

141 375 240 422 fere
264 374 416 420 tribus
439 374 576 419 annis
603 374 651 418 in
676 373 888 419 Calabria
913 374 1114 430 mansit,
1139 383 1186 419 et
1211 372 1320 420 inde
1344 390 1558 420 remeans

141 451 355 516 praedicti
388 449 595 506 abbatis,
629 452 758 513 cujus
788 450 885 513 ipse
917 449 1231 497 consobrinus
1265 460 1389 507 erat,
1426 450 1559 497 dono

142 546 337 593 cappam
354 546 411 574 ex
431 527 532 573 alba
557 544 768 591 purpura
791 528 839 572 S.
864 526 1070 574 Ebrulfo
1094 528 1281 575 detulit.
1304 529 1391 574 Hie
1411 528 1469 575 ab
1489 529 1560 574 in-

141 608 288 654 fantia
332 606 611 653 monasticas
649 603 1001 652 observationes
1039 605 1339 653 laudabiliter
1376 607 1557 663 tenuit,

142 685 400 749 divinoque
419 684 567 731 cultui
590 693 733 730 nocte
754 681 923 747 dieque
947 683 1189 730 ferventer
1207 683 1415 732 inhaesit.
1438 685 1562 733 Psal-

144 762 350 809 modiam
384 771 477 807 tam
510 758 868 825 infatigabiliter
896 759 1099 806 vidimus
1138 778 1246 807 eum
1280 762 1563 828 plerumque

146 851 330 895 tenere,
363 848 417 883 ut
445 837 523 883 vix
550 854 673 882 unus
704 837 960 884 versiculus
994 836 1052 883 ab
1083 837 1184 883 aliis
1220 838 1269 883 in
1298 837 1446 886 choro
1478 856 1563 886 suo

145 915 424 979 psalleretur
444 915 546 978 ipso
565 924 765 962 tacente.
788 914 879 962 Sed
898 914 1019 961 sicut
1037 916 1269 978 scriptum
1284 925 1377 961 est:
1400 917 1564 961 multce

146 992 472 1039 tribulationes
480 993 724 1057 justorum
739 992 808 1055 (2)
820 1028 832 1048 ‚
856 991 932 1038 hic
950 992 1122 1038 multas
1139 992 1438 1039 adversitates
1453 1010 1567 1057 per-

147 1087 303 1133 pessus
323 1079 390 1117 est
410 1070 776 1133 importunitate
802 1070 1097 1116 tumultuum
1115 1070 1405 1118 interiorum
1425 1082 1472 1118 et
1491 1089 1567 1118 ex-

149 1149 396 1195 teriorum.
429 1148 548 1194 Nam
574 1149 683 1212 quia
709 1148 886 1212 rigidus
909 1159 955 1196 et
986 1166 1119 1212 asper
1144 1159 1244 1196 erat
1274 1151 1563 1206 temerariis,

148 1235 289 1289 atque
313 1224 491 1270 adulari
522 1224 865 1289 dedignabatur
894 1227 1155 1292 hypocritis
1173 1263 1186 1284 ,
1221 1245 1344 1291 saepe
1373 1239 1569 1275 contur-

148 1301 285 1346 batus
310 1310 378 1347 est
402 1318 571 1347 eorum
601 1301 983 1349 infestationibus
1016 1303 1329 1350 multimodis.
1366 1305 1432 1350 Et
1459 1305 1568 1369 quia

150 1377 315 1424 oculus
347 1377 429 1423 Dei
464 1378 626 1425 omnia
656 1379 890 1436 intuetur,
925 1379 1183 1445 subtilique
1206 1381 1388 1444 judicio
1415 1382 1572 1428 redar-

152 1457 253 1518 guit
288 1471 337 1500 ea
377 1454 553 1513 etiam,
595 1473 702 1520 quae
744 1455 1019 1503 hominibus
1061 1457 1290 1504 laudanda
1327 1458 1568 1516 videntur,

153 1531 434 1595 praedictum
471 1533 669 1580 fratrem
702 1533 761 1580 ab
801 1535 999 1581 infantia
1042 1534 1321 1582 infirmitate
1358 1537 1573 1600 corporis

155 1610 410 1673 corripuit,
440 1620 486 1657 et
512 1610 606 1657 huc
626 1629 777 1676 usque
796 1614 879 1676 (ut
901 1615 1054 1676 justus
1072 1613 1361 1676 justificetur
1391 1612 1571 1677 adhuc)

153 1685 483 1733 membrorum
506 1688 800 1736 debilitatem
830 1699 1136 1754 augmentare
1169 1707 1269 1737 non
1301 1690 1500 1737 desistit.
1531 1691 1573 1736 Is

154 1763 282 1809 enim
305 1763 353 1809 in
374 1765 575 1826 pueritia
591 1800 605 1822 ,
632 1766 742 1830 quia
768 1765 1106 1813 immoderatus
1132 1777 1257 1823 erat,
1280 1776 1327 1813 et
1344 1766 1402 1812 ad
1431 1784 1575 1814 omne

155 1857 298 1904 opus,
322 1851 374 1886 ut
396 1841 592 1906 reliquis
612 1842 840 1889 fratribus
862 1843 1039 1890 fortior
1059 1843 1319 1901 videretur,
1345 1854 1449 1891 toto
1468 1844 1576 1889 nisu

159 1916 458 1980 insurgebat,
492 1929 690 1983 ruptura
723 1920 1061 1967 intestinorum
1081 1958 1092 1978 ‚
1128 1920 1242 1966 dum
1272 1931 1448 1967 terram
1479 1937 1579 1985 ges-

160 2004 281 2039 taret
297 2029 310 2050 ,
336 1994 473 2040 laesus
498 2007 565 2041 est
579 2031 592 2052 ‚
621 1996 819 2061 ipsoque
838 1995 923 2042 sibi
947 2015 1043 2044 non
1065 2008 1289 2061 parcente
1310 1998 1476 2044 laesura
1505 2015 1578 2045 ea-

159 2070 267 2119 dem
298 2072 568 2119 insanabilis
603 2074 766 2120 effecta
799 2085 882 2121 est.
914 2075 1128 2140 Denique
1154 2077 1251 2138 jam
1284 2094 1369 2139 per
1397 2086 1577 2140 septem

159 2167 307 2197 annos
341 2161 434 2196 tam
465 2153 593 2216 gravi
625 2170 875 2217 oppressus
906 2164 974 2201 est
1000 2154 1238 2218 passione,
1274 2164 1327 2200 ut
1359 2172 1445 2201 nec
1473 2172 1579 2200 ma-

162 2245 277 2273 num
302 2228 357 2274 ad
385 2245 435 2275 os
461 2248 588 2276 nunc
616 2232 764 2294 possit
789 2232 995 2297 erigere,
1021 2250 1109 2278 nec
1136 2233 1329 2296 propria
1353 2233 1399 2278 vi
1429 2232 1580 2297 quod-

164 2301 281 2348 libet
306 2305 510 2351 officium
535 2305 623 2353 sibi
656 2307 894 2355 exhibere.
928 2309 1119 2355 Summe
1151 2310 1301 2365 Deus,
1335 2309 1415 2372 qui
1447 2326 1577 2354 sanas

167 2380 401 2426 contritos
428 2383 594 2441 corde,
628 2385 885 2433 clementer
908 2386 1031 2433 illius
1054 2386 1299 2442 miserere,
1330 2389 1577 2450 ipsumque

168 2453 226 2499 ab
245 2456 377 2501 omni
398 2474 660 2523 expurgans
681 2462 852 2509 scelere
864 2498 877 2519 ‚
899 2473 1114 2528 ereptum
1133 2461 1190 2509 de
1208 2464 1360 2507 carnis
1378 2462 1580 2508 molesto

216 2648 268 2692 (1)
296 2648 417 2693 Voyez
435 2648 633 2694 ci-dessns‚
655 2664 763 2697 pages
778 2652 822 2688 30
840 2661 873 2687 et
894 2654 948 2699 89.

216 2707 267 2750 (Ἰ)
288 2707 419 2742 psalm.
443 2721 487 2742 vn
502 2738 510 2751 ,
532 2721 589 2743 πω.
