1951 3194
335 282 383 319 18
702 278 945 317 HISTORIA
976 279 1382 321 ECCLESIASTICA.
1612 285 1752 336 [1050]

399 362 543 407 Anno
555 358 613 405 ab
629 359 956 407 incarnatione
974 361 1168 407 Domini
1189 368 1278 408 ML⁰
1293 363 1554 412 indictione
1575 373 1659 422 tva,
1676 364 1754 411 fir-

331 451 462 487 mato
486 439 687 486 consilio
711 437 768 484 de
796 438 1106 486 restaurando
1130 439 1254 503 apud
1277 441 1471 488 Uticum
1496 442 1751 500 coenobio,

332 516 618 563 Willermus
645 524 692 561 et
723 513 987 561 Rotbertus
1011 515 1096 563 filii
1130 516 1294 564 Geroii
1322 517 1430 581 (1),
1463 529 1510 565 et
1540 520 1680 584 Hugo
1702 536 1754 565 ac

331 593 592 642 Rotbertus
628 591 714 638 filii
748 590 971 640 Rotberti
1007 593 1064 641 de
1096 594 1519 644 Grentemaisnilio
1552 597 1756 644 Willer-

329 691 465 719 mum
483 672 651 718 ducem
665 670 1063 719 Normannorum
1080 672 1317 731 adierunt,
1339 691 1566 739 suamque
1585 675 1756 721 volun-

332 759 476 796 tatem
498 748 566 794 illi
589 759 937 806 reseraverunt,
960 760 1103 814 atque
1125 760 1178 796 ut
1200 751 1452 815 principali
1472 751 1757 799 auctoritate

328 826 387 873 ad
416 844 535 891 opus
565 824 752 873 salubre
784 825 872 872 sibi
906 827 1216 874 auxiliaretur
1245 829 1624 892 postulaverunt.
1662 829 1757 876 Lo-

330 923 441 951 cum
469 905 613 952 etiam
643 922 766 969 saepe
793 905 1101 952 nominatum
1137 908 1385 953 communi
1424 923 1658 953 consensu
1692 907 1755 953 ita

329 981 538 1029 liberum
562 980 866 1027 tradiderunt
888 984 986 1046 ejus
1009 982 1172 1029 tutelae
1186 1018 1200 1040 ,
1223 993 1279 1028 ut
1297 1000 1386 1030 nec
1407 982 1497 1028 sibi
1511 1018 1525 1040 ,
1547 1000 1635 1029 nec
1654 982 1756 1029 aliis

329 1058 626 1124 quibuslibet
669 1059 876 1124 aliquam
918 1060 1315 1108 consuetudinem
1354 1079 1436 1108 seu
1480 1060 1722 1108 redditum
1741 1097 1754 1117 ,

330 1147 509 1200 praeter
528 1126 758 1183 beneficia
782 1138 1083 1196 orationum,
1106 1137 1357 1200 aliquando
1382 1157 1406 1184 a
1428 1137 1675 1185 monachis
1694 1137 1760 1183 li-

334 1226 464 1262 ceret
475 1252 488 1273 ,
509 1215 582 1261 vel
600 1214 877 1262 hominibus
896 1233 1065 1263 corum
1084 1218 1287 1281 exigere.
1310 1218 1421 1262 Dux
1442 1227 1601 1263 autem
1618 1214 1757 1263 bonae

332 1293 571 1340 voluntati
593 1309 760 1339 corum
784 1303 1029 1358 gratanter
1051 1294 1318 1359 adquievit,
1345 1305 1393 1340 et
1417 1304 1757 1341 testamentum

332 1370 389 1417 de
419 1369 587 1427 rebus,
608 1388 722 1436 quas
758 1372 1012 1435 optimates
1038 1373 1107 1419 sui
1134 1383 1298 1420 sancto
1333 1372 1534 1420 Ebrulfo
1562 1371 1756 1428 dabant,

333 1447 665 1506 confirmavit,
696 1458 743 1495 et
765 1448 993 1513 Malgerio
1014 1451 1353 1514 Rotomagcnsi
1377 1450 1756 1514 archiepiscopo,

333 1525 736 1589 suffraganeisque
762 1527 994 1590 episcopis
1013 1527 1449 1592 subscriptionibus
1470 1529 1566 1574 suis
1591 1545 1760 1574 corro-

333 1602 603 1651 borandum
622 1603 834 1650 tradidit.
858 1605 1038 1653 Deinde
1063 1608 1201 1672 Hugo
1223 1619 1268 1654 et
1288 1607 1572 1663 Rotbertus,
1600 1625 1624 1652 a
1643 1606 1761 1652 duce

335 1692 524 1746 accepta
543 1681 733 1728 licentia
755 1683 956 1747 eligendi
979 1683 1216 1743 abbatem,
1240 1685 1593 1733 Gemmeticum
1612 1701 1762 1748 expe-

339 1760 538 1817 tierunt,
561 1771 607 1807 et
631 1778 655 1805 a
673 1760 856 1807 domno
876 1761 1115 1811 Rotberto
1136 1763 1343 1827 ejusdem
1362 1763 1570 1810 ecclesiae
1593 1761 1762 1808 abbate

340 1837 657 1885 Teodericum
689 1839 981 1886 monachum
1011 1842 1084 1905 (2)
1118 1841 1173 1888 ad
1198 1840 1399 1888 abbatiae
1425 1859 1520 1888 suae
1549 1841 1760 1906 regimen

339 1915 678 1979 requisierunt.
706 1914 865 1962 Abbas
883 1934 996 1964 vero
1014 1923 1155 1981 justae
1174 1919 1397 1983 petitioni
1424 1917 1664 1965 nobilium
1686 1917 1764 1962 vi—

339 2010 509 2038 rorum
532 1991 740 2040 libenter
760 1993 878 2039 favit
892 2031 904 2051 ,
937 2005 985 2041 et
1008 1996 1296 2043 monachum
1312 2034 1324 2055 ,
1352 2014 1495 2063 quem
1518 1995 1575 2042 ad
1600 2004 1764 2059 pasto-

340 2070 488 2115 ralem
530 2088 693 2115 curam
738 2071 964 2118 idoneum
1003 2084 1202 2121 noverat
1218 2111 1232 2133 ,
1272 2074 1362 2119 illis
1403 2072 1651 2121 concessit.
1691 2071 1764 2117 Illi

342 2157 501 2193 autem
534 2146 789 2209 gaudentes
831 2166 941 2195 eum
979 2150 1085 2196 duci
1122 2160 1551 2216 praesentaverunt.
1589 2149 1651 2194 At
1687 2148 1765 2194 ille

343 2224 648 2270 veneratione
681 2242 893 2289 congrua
933 2245 1042 2273 eum
1085 2230 1314 2292 suscepit,
1358 2228 1562 2292 datoque
1596 2224 1765 2271 baculo

345 2302 599 2365 pastorali,
626 2303 748 2348 sicut
770 2305 918 2351 moris
943 2317 1036 2365 est,
1062 2307 1268 2353 ccclesiae
1291 2305 1503 2352 Uticensi
1529 2303 1763 2368 praefecit.

345 2379 525 2426 Deinde
546 2381 854 2428 Luxoviensis
876 2384 1123 2447 episcopus
1143 2385 1281 2449 Hugo
1302 2384 1397 2446 (5),
1420 2399 1529 2428 cum
1550 2379 1767 2427 Osberno

400 2549 448 2593 (ι)
478 2549 690 2585 Guillauine
725 2552 815 2585 ctait
844 2551 876 2586 le
908 2553 1042 2587 second
1072 2554 1135 2588 des
1169 2555 1283 2588 frares
1314 2554 1466 2596 Giroie,
1498 2559 1535 2587 et
1563 2550 1704 2586 Robert
1735 2549 1768 2582 le

354 2608 558 2652 quamn-inc
571 2636 579 2652 ,
604 2622 745 2644 comme
761 2623 851 2645 nous
869 2611 901 2646 lc
920 2625 1069 2647 veri-ons
1088 2614 1379 2648 inccssammeut.

398 2667 448 2711 (2)
480 2668 628 2703 Tliierri
660 2669 706 2705 de
735 2671 967 2717 mammilio,
998 2675 1043 2707 nc
1060 2673 1149 2707 daus
1167 2673 1198 2707 la
1226 2684 1421 2707 commune
1439 2670 1484 2704 de
1503 2682 1542 2704 ce
1564 2679 1647 2702 nom
1667 2673 1770 2701 onir(-

352 2725 482 2760 lzouen
503 2733 540 2760 et
555 2728 783 2765 Nousehfitol.

395 2784 444 2831 (3)
464 2787 616 2833 Huguef.
633 2790 736 2829 (sliu,
758 2793 1122 2839 omme‹l‹=1,i.sieux‚
1143 2795 1271 2841 depuis
1296 2791 1562 2839 104‘9j11squ'au
1587 2787 1752 2835 17juillet
