1951 3194
328 225 382 264 64
697 221 941 260 HISTORIA
974 219 1378 258 ECCLESIASTICA.
1479 222 1749 271 [1057-1058]

329 302 559 351 fratribus
581 302 879 349 voluntatem
900 315 1032 343 suam
1054 297 1264 361 aperuit,
1292 315 1456 346 omnes
1477 299 1748 355 admonuit,

331 380 565 438 absolvit,
613 377 858 426 benedixit
875 411 888 433 ,
933 375 1130 439 Deoque
1173 374 1539 422 commendavit.
1586 377 1752 424 Postea

331 459 600 506 Luxovium
639 455 778 510 adiit,
821 464 868 501 et
906 452 1099 518 Hugoni
1136 453 1384 516 episcopo,
1426 472 1449 499 a
1488 473 1585 520 quo
1620 455 1753 501 valde

332 536 595 591 amabatur,
634 549 796 578 curam
830 530 1099 576 animarum
1131 528 1361 586 reddidit,
1400 530 1560 595 sicque
1590 531 1754 577 multis

332 613 560 662 flentibus
585 610 746 657 amicis
765 617 977 656 sanctam
994 607 1433 671 peregrinationem
1451 626 1542 672 pro
1565 608 1755 656 Christo

333 691 554 754 suscepit.
575 687 837 735 Herbertus
854 697 1012 732 autem
1027 684 1085 732 de
1096 685 1441 734 Monasteriolo
1456 687 1640 750 primus
1653 705 1757 734 mo-

333 768 534 825 nachus,
574 783 718 832 quem
760 765 856 828 ipse
896 763 946 808 in
981 762 1192 809 Uticensi
1233 762 1424 810 ecclesia
1463 775 1753 828 susceperat,

334 866 444 894 cum
469 863 526 894 eo
557 860 752 909 peregre
776 841 1019 906 profectus
1044 850 1138 897 est,
1171 851 1218 887 et
1251 840 1535 887 Willermus
1561 841 1758 888 clericus

335 934 658 991 cognomento
677 923 809 969 Bona
830 920 999 967 Anima
1018 955 1031 977 ,
1053 918 1270 966 Radbodi
1296 919 1526 984 Sagiensis
1550 920 1757 985 episcopi

334 1005 483 1062 filius,
510 1004 593 1068 qui
619 999 885 1048 succedenti
917 1009 1134 1062 tempore
1159 998 1559 1062 Rotomagensem
1583 1008 1760 1045 metro-

335 1083 487 1148 polim
510 1081 611 1128 fere
636 1094 781 1125 xxxvi
805 1077 941 1124 annis
964 1086 1130 1122 nactus
1155 1085 1225 1122 est
1251 1076 1345 1140 (1).

402 1163 457 1207 In
496 1157 661 1205 diebus
693 1156 784 1202 illis
816 1164 917 1201 erat
949 1153 1189 1218 quoddam
1222 1152 1505 1201 honorabile
1538 1154 1758 1203 xenodo-

339 1237 496 1284 chium
535 1235 583 1280 in
622 1231 835 1279 confinio
872 1230 1204 1277 Baioariorum
1237 1239 1283 1275 et
1314 1231 1596 1290 Hunorum,
1629 1230 1760 1295 quod

338 1314 497 1362 fideles
517 1323 565 1360 et
586 1320 806 1376 potentes
826 1308 1083 1355 Christiani
1102 1306 1159 1354 de
1184 1307 1630 1372 circumjacentibus
1653 1325 1761 1372 pro-

337 1392 506 1439 vinciis
531 1389 839 1436 instituerant
861 1386 919 1433 ad
941 1385 1292 1450 susceptionem
1315 1403 1580 1450 pauperum
1605 1396 1652 1433 et
1674 1404 1761 1449 pe-

337 1471 645 1535 regrinorum
694 1466 784 1529 (2).
831 1465 969 1510 Tunc
1016 1463 1256 1528 Ansgotus
1301 1464 1608 1511 Normannus
1650 1464 1761 1510 huic

337 1545 640 1596 xenodochio
687 1543 919 1589 electione
963 1541 1295 1605 indigenarum
1332 1553 1552 1605 praeerat.
1603 1543 1645 1588 Is
1681 1542 1762 1587 ni-

338 1627 518 1673 mirum
550 1621 742 1687 Rogerii
771 1620 1014 1676 Toenitis,
1049 1620 1131 1683 qui
1169 1620 1449 1684 Hispanicus
1480 1619 1758 1676 vocabatur,

340 1715 567 1769 cognatus
587 1711 686 1748 erat
700 1735 712 1757 ,
742 1710 789 1746 et
809 1698 896 1745 sub
915 1697 1115 1744 ducibus
1137 1698 1533 1747 Normannorum
1557 1698 1761 1746 Ricardo

339 1793 386 1830 et
425 1780 660 1829 Rotberto
704 1776 935 1824 nobiliter
978 1775 1263 1822 militaverat
1284 1795 1296 1832 3
1343 1776 1422 1823 sed
1464 1777 1635 1822 timore
1675 1776 1758 1822 Dei

340 1868 656 1924 compunctus
690 1855 851 1902 omnia
886 1853 1054 1900 mundi
1087 1854 1373 1919 reliquerat,
1412 1865 1459 1902 et
1483 1855 1762 1919 peregrina-

339 1939 523 1985 tionem
572 1945 713 2000 atque
762 1942 1072 1997 spontaneam
1116 1943 1443 1996 paupertatem
1482 1932 1614 1978 omni
1664 1932 1762 1977 vita

339 2034 419 2062 sua
445 2011 698 2061 tenendam
719 2027 810 2074 pro
844 2009 1035 2056 Christo
1061 2009 1344 2073 arripuerat.
1372 2010 1460 2056 Hic
1484 2020 1538 2057 ut
1573 2008 1761 2055 Teode-

339 2094 494 2139 ricum
512 2089 731 2136 abbatem
752 2106 861 2134 cum.
881 2087 1019 2134 sociis
1042 2087 1136 2132 suis
1160 2087 1303 2144 vidit,
1328 2088 1508 2151 optime
1531 2103 1761 2150 recogno-

340 2170 436 2227 vit,
470 2179 517 2215 et
541 2167 723 2230 aliquot
747 2163 913 2210 diebus
939 2175 991 2209 ut
1025 2164 1362 2227 compatriotas
1388 2163 1653 2209 amabiliter
1684 2180 1761 2209 re·-

343 2247 513 2304 tinuit,
540 2256 683 2308 atque
710 2260 905 2289 omnem
927 2242 1274 2289 humanitatem
1298 2243 1361 2288 eis
1385 2240 1617 2287 exhibuit.

404 2327 589 2372 Interea
637 2321 828 2386 quidam
878 2320 1124 2384 religiosus
1172 2320 1500 2366 Baioariorum
1544 2318 1760 2383 pontifex

389 2498 438 2541 (1)
455 2492 939 2532 Guillaume-Bonneffxme‚
966 2489 1192 2536 arche-reque
1205 2489 1249 2523 dc
1267 2489 1394 2524 Romen
1415 2492 1425 2533 (
1444 2502 1567 2537 1059*
1583 2503 1591 2523 1
1605 2501 1642 2522 ιο
1656 2491 1666 2531 )
1679 2515 1687 2530 ‚
1706 2487 1758 2520 fils

344 2559 389 2591 di:
410 2554 603 2591 Radhodc,
625 2552 760 2600 (ireque
780 2551 824 2585 (lc
839 2552 923 2585 seez
941 2551 953 2593 (
968 2548 1200 2593 maj-1052).

390 2616 438 2659 (2)
460 2616 506 2648 lie
531 2620 652 2647 savant
681 2613 730 2646 M.
758 2612 863 2645 l’crlz
895 2621 1050 2656 suppose
1078 2622 1148 2655 quc
1172 2616 1227 2642 cet
1253 2609 1521 2643 ‹imblissemcnt
1547 2606 1757 2652 hospitalior

347 2676 488 2721 pouvai!
518 2675 594 2708 &tre
620 2675 712 2708 sitne
737 2675 756 2706 a
779 2672 891 2711 Molli„
914 2684 959 2704 cn
985 2670 1184 2709 Autriclw,
1211 2682 1256 2702 ou
1282 2669 1336 2702 sut
1356 2669 1485 2703 ‹stablic
1505 2666 1676 2713 vingt—six
1696 2678 1757 2699 an>-

348 2734 428 2781 plus
449 2733 523 2767 tan}
544 2745 613 2766 unc
630 2732 763 2766 ablmw
780 2730 919 2765 filil-bre
938 2730 1154 2773 (caenobium
1172 2729 1414 2762 {llaeulcle'mnsr
1436 2739 1496 2758 ,wa
1522 2725 1741 2761 ellr’llimww)
