1951 3194
143 277 353 328 Uist-715]
626 280 780 317 Lissfflz
813 279 1066 326 QUARTUS.
1509 283 1558 318 77

143 367 214 401 ter
232 356 482 402 nocturnis
501 357 672 421 vigiliis
692 356 1015 414 incumberet,
1038 375 1062 402 a
1080 357 1231 403 media
1251 367 1391 404 nocte
1412 375 1560 421 usque

143 434 190 477 in
222 450 442 479 auroram
476 445 625 482 totam
658 436 853 480 domum
892 436 1030 499 igneo
1065 435 1317 499 splendore
1349 436 1558 481 circum-

140 509 460 573 splendescere
484 512 684 559 videbat.
712 511 908 557 Oriente
931 529 1044 559 vero
1069 513 1166 559 sole
1189 513 1263 558 vir
1285 513 1369 559 Dei
1396 511 1557 559 suble-

140 587 255 632 x‘atis
280 588 514 652 paulisper
537 587 763 635 membris
788 588 919 634 velut
944 606 1223 653 exsurgens,
1251 600 1295 636 et
1318 607 1484 636 manus
1502 590 1559 636 ad

139 664 283 710 altare
307 666 593 722 extendens,
623 666 838 728 corporis
873 677 919 712 et
948 667 1186 730 sanguinis
1212 666 1388 713 Christi
1420 685 1559 715 com-

141 741 370 788 munione
400 759 446 787 se
476 742 709 796 munivit3
739 752 786 788 et
810 741 998 787 elevatis
1022 742 1171 787 oculis
1196 742 1254 788 ad
1280 743 1484 800 coelum,
1513 755 1561 790 et

139 819 340 864 extensis
367 820 413 864 in
436 819 585 864 altum
605 818 851 876 manibus,
877 836 1004 865 anno
1027 817 1085 864 ab
1115 819 1444 867 incarnatione
1465 821 1560 868 Do-

139 898 254 942 mini
271 908 379 943 Dcc⁰
393 907 442 943 x⁰
456 908 504 944 v⁰
523 899 597 961 (ι)
616 899 824 944 animam
840 897 897 944 ad
911 915 1120 961 perenne
1138 897 1361 962 gaudium
1383 899 1556 946 emisit.

202 975 332 1020 Inter
364 974 464 1021 haec
498 976 658 1022 Beccel
697 977 929 1040 conspicit
963 975 1145 1023 coelesti
1182 976 1433 1041 splendore
1467 977 1560 1025 do—

139 1068 268 1096 mum
294 1052 497 1116 repleri,
524 1054 795 1118 turrimque
818 1053 949 1099 velut
974 1054 1159 1117 igneam
1183 1072 1208 1100 e
1231 1065 1356 1101 terra
1383 1055 1432 1100 in
1457 1071 1560 1102 coe-

139 1130 236 1174 lum
259 1130 404 1193 erigi,
429 1130 485 1176 ad
513 1133 643 1194 cujus
673 1132 1081 1194 comparationem
1109 1131 1179 1179 sol
1206 1133 1337 1196 quasi
1365 1133 1558 1179 lucerna

140 1208 187 1252 in
216 1207 291 1253 die
323 1208 575 1271 pallescere
610 1209 876 1256 videbatur.
910 1210 1141 1255 Cantibus
1171 1228 1363 1275 qnoque
1395 1210 1560 1276 Ange-

138 1286 237 1331 licis
269 1288 472 1349 spatium
499 1288 645 1334 totius
676 1289 794 1334 a'e‘ris
827 1287 1042 1334 detonari
1070 1287 1377 1345 audiebatur3
1406 1289 1559 1335 insula

139 1364 277 1409 otiam
308 1363 605 1411 diversorum
641 1376 909 1412 aromatum
939 1365 1191 1412 odoriferis
1223 1365 1558 1429 spiraminibus

138 1439 332 1506 fragrat.
373 1442 632 1491 Praedictus
675 1443 831 1506 itaque
868 1441 1017 1489 frater
1054 1442 1187 1489 valde
1225 1441 1555 1500 tremefactus,

139 1520 356 1565 eximiam
384 1521 763 1567 coruscationem
795 1521 990 1567 sufferre
1021 1537 1122 1566 non
1154 1521 1336 1576 valens,
1370 1533 1556 1585 arrepta

140 1597 245 1642 navi
280 1598 514 1661 virginem
549 1597 724 1643 Christi
762 1599 931 1662 Pegam
969 1597 1142 1654 adivit,
1178 1599 1315 1662 eique
1346 1599 1556 1645 fraterna

138 1674 354 1720 mandata
392 1676 599 1722 seriatim
639 1676 820 1722 retulit.
860 1675 1044 1735 Quibus
1076 1676 1272 1733 auditis,
1311 1677 1387 1722 illa
1415 1676 1557 1725 vehe-

139 1763 325 1798 menter
348 1752 595 1816 ingemuit.
620 1753 810 1799 Postera
834 1769 948 1799 vero
970 1751 1045 1799 die
1070 1770 1180 1798 cum
1204 1752 1435 1816 praedicto
1458 1753 1553 1800 fra-

140 1839 211 1874 tre
238 1828 540 1874 Crulandiam
565 1830 722 1886 venit,
752 1840 797 1875 et
822 1830 960 1875 tertia
985 1829 1060 1876 die
1085 1829 1237 1875 felicia
1263 1829 1475 1878 membra
1506 1832 1555 1876 in

140 1905 353 1950 oratorio
371 1905 629 1950 secundum
643 1907 906 1968 jussionem
925 1908 1021 1968 ejus
1039 1906 1271 1969 sepelivit,
1291 1905 1374 1952 ubi
1394 1907 1556 1954 Domi-

143 1999 230 2027 nus
248 1993 406 2044 postea
424 1993 622 2046 propter
639 1984 774 2029 amici
791 1984 860 2029 sui
878 1983 1045 2030 merita
1065 1983 1113 2029 in
1131 1983 1348 2030 sanandis
1364 1986 1555 2048 {egrotis

143 2059 277 2122 plura
301 2060 523 2106 miracula
547 2060 676 2106 fecit.

206 2138 275 2183 Ad
294 2138 669 2184 anniversarium
688 2139 736 2185 S.
759 2139 978 2186 Guthlaci
1005 2157 1143 2187 soror
1166 2142 1262 2203 ejus
1287 2141 1405 2206 Pega
1430 2160 1556 2206 pres-

143 2215 336 2279 byteros
368 2226 414 2262 et
444 2216 559 2263 alios
587 2217 883 2264 ecclesiastici
916 2217 1097 2264 ordinis
1134 2219 1259 2266 viros
1289 2222 1555 2283 aggregavit

141 2303 187 2339 et
225 2293 494 2356 sepulcrum
532 2296 628 2357 ejus
663 2296 873 2358 aperuit,
917 2305 970 2340 ut
1007 2312 1178 2359 corpus
1213 2297 1310 2359 ejus
1345 2296 1393 2341 in
1428 2296 1554 2342 aliud

140 2370 431 2417 mausoleum
450 2372 744 2420 transferret.
770 2373 908 2420 Tunc
929 2383 1086 2421 totum
1105 2390 1276 2437 corpus
1295 2374 1550 2438 integrum,

142 2450 271 2513 quasi
292 2448 444 2495 adhuc
468 2451 670 2509 viveret,
700 2452 1007 2509 invenerunt3
1029 2463 1075 2499 et
1092 2452 1369 2498 vestimenta
1393 2453 1555 2499 omnia

143 2525 315 2589 quibus
354 2527 594 2573 involutus
628 2539 753 2585 erat,
793 2530 987 2593 antiqua
1024 2530 1234 2575 novitate
1266 2539 1313 2575 et
1349 2529 1554 2592 pristino

146 2603 348 2649 candore
382 2603 708 2666 splendebant.
745 2605 1034 2651 Mirantibus
1067 2606 1251 2651 cunctis
1281 2615 1328 2651 et
1354 2615 1554 2670 stupen-

195 2780 242 2816 (ι)
271 2780 388 2815 [ᾸεΟΖῑ
414 2784 475 2828 714
