1951 3194
395 248 468 285 186
758 247 1003 286 HISTORIA
1032 245 1434 286 ECCLESIASTICA.
1535 252 1808 301 [1068-1069]

391 324 692 390 quotidianas
727 325 1051 390 expeditiones
1091 342 1190 372 non
1231 326 1331 373 sine
1368 345 1535 393 magna
1572 331 1812 395 sanguinis

395 404 641 469 utriusque
666 405 813 468 partis
847 403 1078 451 effusione
1109 403 1497 468 frequentabant.
1530 407 1630 454 Rex
1653 418 1812 455 autem

392 481 519 527 inter
546 491 617 527 tot
646 479 887 527 bellorum
915 481 1153 528 motiones
1183 498 1342 528 secum
1365 483 1538 530 milites
1562 501 1669 532 suos
1691 485 1813 532 reti-

393 576 506 605 nere
541 557 794 622 cupiebat,
835 569 881 607 et
918 570 1066 607 terras
1102 577 1212 605 cum
1246 559 1510 607 redditibus
1549 573 1597 608 et
1632 562 1813 627 magnis

396 636 707 699 potestatibus
728 638 791 684 eis
814 636 1129 685 amicabiliter
1148 637 1394 696 offerebat,
1416 649 1463 686 et
1482 642 1677 704 majora,
1698 640 1814 687 dum

394 726 551 761 totum
570 732 774 780 regnum
795 715 853 762 ab
873 715 1148 763 adversariis
1166 716 1376 782 undique
1391 717 1647 764 liberatum
1667 728 1811 774 esset,

392 792 722 856 promittebat.
774 794 992 859 Legitimi
1044 793 1271 852 barones,
1318 795 1595 860 strenuique
1635 794 1816 860 pugiles

394 871 726 936 multipliciter
749 872 1084 934 anxiabantur,
1108 873 1223 919 dum
1245 891 1404 938 regem
1428 891 1568 920 suum
1591 891 1701 920 cum
1723 873 1818 919 fra-

396 948 549 995 tribus
589 951 683 996 suis
727 962 775 997 et
819 951 981 997 amicis
998 986 1011 1008 ,
1052 952 1286 1016 sociisque
1324 951 1494 998 sedulis
1532 952 1815 998 circumdari

394 1028 530 1076 bellis
558 1029 899 1088 intuebantur,
924 1031 1125 1095 ipsique,
1149 1031 1184 1076 si
1210 1029 1522 1088 discederent,
1543 1030 1675 1078 infidi
1696 1047 1817 1094 pro-

394 1105 601 1165 ditores,
628 1107 879 1173 timidique
903 1108 1165 1156 desertores
1190 1109 1346 1172 palam
1371 1110 1551 1156 censeri
1580 1107 1817 1156 vereban-

397 1193 493 1229 tur.
526 1184 702 1230 Rursus
726 1183 1031 1233 honorabiles
1056 1185 1248 1232 athletae
1268 1185 1385 1250 quid
1410 1185 1647 1243 facerent,
1671 1186 1705 1232 si
1731 1186 1818 1231 las-

395 1262 510 1308 civae
538 1265 761 1328 conjuges
791 1262 990 1312 thorum
1012 1281 1151 1309 suum
1177 1263 1413 1310 adulterio
1438 1263 1738 1328 polluerent,
1773 1273 1821 1309 et

396 1341 645 1405 progeniei
682 1359 778 1388 suae
809 1342 1034 1406 perennis
1067 1342 1265 1388 maculae
1299 1351 1464 1389 notam
1499 1351 1547 1388 et
1577 1340 1821 1388 infamiam

395 1418 710 1483 generarent?
729 1420 869 1467 Unde
892 1421 1031 1485 Hugo
1054 1419 1112 1467 de
1132 1419 1501 1467 Grentemaisnil
1515 1455 1529 1477 ,
1551 1419 1633 1484 qui
1656 1419 1824 1483 praesi-

395 1496 559 1542 datum
574 1495 894 1544 Gewissorum
907 1532 921 1554 ‚
945 1498 992 1543 id
1010 1507 1101 1544 est:
1121 1498 1386 1544 Guentanae
1404 1497 1612 1561 regionis
1630 1496 1704 1560 (ι)
1721 1498 1821 1559 jam

396 1572 647 1631 habuerat,
684 1586 731 1620 et
764 1575 977 1621 sororius
1016 1577 1113 1638 ejus
1136 1573 1370 1620 Unfridus
1400 1573 1457 1620 de
1482 1573 1688 1620 Telliolo
1715 1574 1818 1637 (2),

394 1652 477 1714 qui
505 1652 749 1716 Hastingas
768 1670 791 1698 a
811 1652 964 1716 prima
985 1652 1060 1698 die
1079 1652 1454 1700 constructionis
1478 1650 1536 1698 ad
1555 1651 1822 1699 custodien-

395 1727 510 1773 dum
531 1739 823 1791 susceperat,
854 1729 1027 1793 aliique
1055 1729 1196 1774 multi
1221 1729 1534 1775 discesserunt
1551 1765 1566 1788 ,
1593 1739 1640 1776 et
1662 1745 1822 1793 regem

398 1806 525 1853 inter
546 1817 731 1853 exteros
758 1806 1057 1854 laborantem
1078 1807 1234 1853 tristes
1259 1817 1305 1853 et
1328 1806 1464 1852 inviti
1485 1806 1815 1853 deseruerunt.

397 1884 578 1931 Deinde
601 1884 818 1930 famulari
840 1884 1022 1930 lascivis
1045 1882 1329 1931 dominabus
1353 1884 1446 1929 suis
1478 1884 1525 1929 in
1550 1883 1823 1931 Neustriam

399 1963 568 2009 reversi
607 1973 744 2019 sunt3
784 1962 863 2009 sed
895 1961 1128 2018 honores,
1165 1979 1284 2026 quos
1319 1964 1417 2026 jam
1449 1972 1612 2009 nactos
1646 1962 1731 2008 hac
1766 1962 1824 2008 de

399 2058 531 2086 causa
562 2041 890 2104 reliquerunt,
925 2041 1012 2104 ipsi
1044 2041 1117 2086 vel
1155 2040 1348 2088 heredes
1382 2057 1548 2087 eorum
1573 2058 1822 2105 nunquam

398 2128 557 2181 postea
582 2135 861 2181 recuperare
885 2127 1153 2182 potuerunt
1177 2119 1263 2181 (ὅ).

443 2283 493 2327 (1)
519 2281 570 2316 Ce
591 2287 878 2328 gouvernement
893 2279 1014 2315 devait
1031 2282 1221 2327 presenter
1240 2280 1271 2313 la
1288 2279 1407 2314 meme
1426 2279 1734 2325 circonscription
1751 2291 1824 2327 que

401 2341 433 2375 le
451 2341 690 2388 Hampsliire,
710 2340 803 2375 dont
820 2340 1061 2375 winchester
1079 2347 1134 2375 est
1151 2351 1284 2375 encore
1301 2338 1538 2385 aujourd'hui
1557 2339 1590 2373 le
1608 2339 1800 2375 chef-lieu.

445 2402 496 2446 (2)
524 2401 571 2435 Le
592 2399 942 2447 Tilleul-en-Auge‚
965 2401 985 2433 ii
999 2411 1018 2433 2
1038 2400 1151 2434 lienes
1170 2411 1215 2433 au
1231 2398 1325 2433 nord
1340 2398 1385 2433 de
1402 2397 1701 2434 Grand-Mesnil.

447 2460 497 2507 (5)
523 2462 572 2495 Le
586 2461 845 2496 ressentiment
862 2460 908 2494 de
924 2459 1139 2495 Guillaume
1166 2466 1292 2494 contre
1315 2459 1468 2506 Hugues
1490 2458 1536 2493 de
1553 2456 1826 2493 Grentemesnil

402 2534 447 2555 ne
471 2521 589 2567 parait
613 2534 674 2568 pas
701 2521 800 2555 avoir
817 2522 875 2555 etc
892 2520 986 2554 aussi
1010 2519 1162 2554 durablc
1181 2532 1253 2567 que
1270 2526 1376 2554 notre
1394 2525 1525 2554 auteur
1542 2516 1711 2552 voudrait
1733 2528 1826 2551 nous

404 2580 435 2613 le
457 2580 663 2625 pcrsuadcr.
685 2580 768 2614 Non
788 2579 990 2614 seulement
1016 2591 1056 2613 cc
1081 2579 1253 2624 seigneur
1277 2579 1396 2612 rcvint
1417 2590 1464 2612 en
1488 2576 1704 2623 Angleterre
1729 2576 1776 2609 οὺ
1801 2575 1825 2609 il

404 2639 604 2682 possedant,
628 2641 644 2673 {i
665 2639 832 2686 l'cpoquc
853 2638 897 2672 do
921 2639 951 2673 la
974 2638 1158 2673 redaction
1185 2639 1234 2673 (lu
1259 2637 1471 2685 Dmnesdqy·
1492 2635 1611 2678 Book,
1633 2647 1683 2668 un
1709 2635 1825 2681 grand

407 2698 560 2731 nombre
580 2698 624 2731 dc
643 2698 829 2733 ‹lomaines
845 2727 852 2741 ,
875 2705 909 2731 vt
937 2700 982 2733 οὺ
1006 2699 1029 2732 il
1051 2711 1177 2745 cxcrqa
1203 2698 1264 2732 (les
1287 2698 1467 2731 fonctions
1486 2696 1707 2734 eminentes,
1736 2695 1825 2727 mais

407 2769 537 2790 rurore
561 2770 595 2790 sa
617 2758 748 2792 scmmc
769 2759 912 2793 Adclisc
935 2759 1047 2793 tenuit
1064 2758 1306 2793 ‹lircctcment
1323 2757 1368 2791 (lc
1390 2756 1420 2790 la
1440 2766 1624 2790 couronne
1645 2753 1824 2800 plusieurs
