1951 3194
145 283 282 333 [1074]
642 282 794 320 LIBER
826 282 1081 330 QUARTUS.
1486 286 1554 322 <2ss1

145 360 439 424 colloquium
460 359 723 406 accersiunt
742 396 752 414 ‚
782 370 828 406 et
849 360 1009 405 multis
1030 377 1137 406 eum
1155 359 1306 406 modis
1329 369 1563 406 tentantes

144 437 250 482 talia
279 447 513 500 promunt
544 457 553 482 :
589 438 721 482 Ecce
744 448 1054 502 peroptatum
1081 448 1289 502 tempus,
1320 455 1348 483 o
1379 448 1565 483 strenue

145 515 237 570 vir,
267 514 407 561 modo
428 513 566 559 vides
577 550 593 570 ,
621 524 671 558 ut
694 513 781 559 tibi
802 530 1049 578 recuperes
1072 524 1319 579 exemptos
1341 514 1560 572 honores,

146 603 189 637 et
213 593 433 657 accipias
459 592 647 657 injuriis
672 591 759 636 tibi
780 608 933 654 nuper
953 591 1103 637 illatis
1126 590 1315 638 debitas
1342 592 1560 639 ultiones.

143 668 421 732 Adquiesce
452 669 587 714 nobis
618 679 663 713 et
693 666 1014 714 indesinenter
1047 668 1224 715 infuere
1240 691 1261 724 ,·
1298 680 1340 714 et
1376 671 1566 716 tertiam

140 759 329 811 partem
353 747 552 811 Anglice
582 746 832 793 nobiscum
858 749 960 793 sine
983 747 1132 793 dubio
1156 750 1339 812 poteris
1371 748 1560 795 habere.

155 826 382 871 Volumus
408 826 532 870 enim
559 836 608 870 ut
630 836 782 871 status
812 828 945 887 regni
968 828 1016 870 A
1021 825 1194 871 lbionis
1220 826 1568 891 redintegretur

143 903 456 959 omnimodis,
483 904 607 949 sicut
625 903 736 949 olim
744 902 852 968 suit
875 914 1081 969 tempore
1104 905 1153 950 E
1156 904 1339 950 duardi
1352 907 1569 970 piissimi

143 982 284 1044 regis.
311 981 444 1026 Unus
470 999 531 1026 ex
554 981 693 1027 nobis
716 984 776 1027 sit
796 997 905 1039 rex,
929 992 972 1027 et
994 981 1089 1028 duo
1111 983 1208 1028 sint
1225 981 1373 1029 duces
1383 1005 1404 1038 ,·
1429 995 1473 1029 et
1494 985 1566 1029 sie

142 1059 280 1105 nobis
300 1059 448 1105 tribus
463 1076 627 1105 omnes
644 1061 690 1105 A
694 1060 850 1123 nglici
862 1059 1181 1124 subjicientur
1194 1059 1407 1106 honores.
1432 1061 1567 1106 Guil-

143 1138 309 1184 leZmus
325 1139 582 1184 innumeris
601 1138 824 1185 bellorum
838 1138 1137 1204 ponderibus
1154 1149 1285 1185 trans
1300 1156 1430 1185 mare
1439 1156 1566 1204 pree-

138 1226 371 1278 gravatus
393 1226 491 1273 est,
530 1228 576 1261 et
598 1233 688 1280 pro
725 1227 851 1261 certo
876 1218 1051 1262 seimus
1081 1215 1215 1279 quod
1245 1219 1295 1261 in
1327 1216 1565 1278 Angliam

144 1291 340 1338 ulterius
363 1292 601 1338 rediturus
625 1310 722 1339 non
742 1304 826 1338 est.
853 1294 897 1338 E
889 1294 953 1357 ja
976 1293 1153 1339 nobilis
1177 1293 1338 1349 lzeros,
1366 1294 1564 1340 consul-

144 1380 217 1415 tus
241 1369 437 1417 observa
463 1370 546 1416 tibi
569 1371 824 1435 generique
852 1381 928 1416 tuo
952 1370 1359 1416 commodissimos
1375 1408 1390 1428 ,
1422 1374 1565 1416 omni-

144 1464 235 1510 que
253 1449 390 1511 genti
412 1459 506 1494 tuce
518 1485 533 1505 ,
558 1466 666 1513 quce
684 1458 936 1511 prostrata
960 1459 1058 1505 est,
1085 1449 1377 1511 salutiferos.

209 1525 453 1572 Wallevus
483 1526 731 1590 respondit
759 1546 768 1571 ε
801 1527 1033 1572 Maxima
1069 1527 1118 1571 in
1155 1526 1331 1572 talibus
1363 1529 1563 1589 negotiis

144 1604 337 1650 cautela
364 1606 638 1650 necessaria
672 1614 739 1650 est
750 1641 766 1661 ,
801 1614 845 1649 et
881 1605 1069 1667 integra
1096 1602 1231 1666 fides
1262 1606 1312 1650 in
1342 1604 1562 1650 omnibus

139 1681 363 1744 gentibus
398 1681 460 1727 ab
488 1683 622 1728 omni
647 1681 832 1728 homine
860 1681 1058 1728 domino
1090 1699 1175 1727 suo
1203 1681 1442 1729 servanda
1475 1693 1559 1728 est.

147 1757 427 1805 Guillelmus
449 1759 704 1823 reoefidem
727 1776 880 1805 meam
889 1796 904 1816 ,
934 1770 984 1804 ut
1008 1759 1171 1822 masor
1192 1777 1224 1804 a
1241 1759 1418 1805 minori
1425 1795 1440 1815 ,
1451 1761 1566 1820 jure

143 1838 343 1900 recepit,
367 1855 428 1882 ac
450 1847 500 1882 ut
520 1839 567 1882 ei
584 1854 771 1902 semper
772 1836 943 1896 fidelis
961 1839 1235 1893 existerem,
1257 1839 1306 1881 in
1326 1837 1565 1883 matrimo-

143 1914 277 1958 nium
300 1913 416 1958 milli
442 1924 629 1978 neptem
663 1931 800 1959 suam
829 1913 1087 1977 copulavit.
1119 1914 1425 1979 Locupletem
1453 1932 1566 1978 quo-

145 2008 235 2053 que
257 1994 534 2037 comitatum
561 1990 680 2036 milii
701 1991 918 2048 donavit,
946 2002 990 2036 et
1014 1992 1135 2037 inter
1154 2009 1268 2038 suos
1278 1992 1563 2052 familiares

145 2069 363 2116 convivas
387 2070 759 2116 connumeravit.
789 2069 837 2114 E
841 2079 856 2113 t
879 2079 1010 2114 tanto
1029 2070 1246 2133 principi
1262 2069 1468 2133 qualiter
1487 2070 1564 2115 in-

131 2145 270 2211 fidus
306 2163 406 2192 esse
436 2163 636 2210 queam,
674 2147 768 2192 nisi
790 2149 984 2211 penitus
1013 2147 1206 2191 mentiri
1240 2147 1386 2193 velim
1404 2147 1564 2211 fidem

146 2223 342 2270 meam?
366 2224 427 2269 In
450 2224 615 2270 multis
640 2234 782 2270 notus
807 2241 910 2269 sum
935 2223 1234 2286 regionibus,
1261 2235 1305 2269 et
1332 2241 1563 2288 magnum

144 2300 295 2364 (quod
319 2300 471 2364 absit)
482 2300 577 2365 fiet
600 2300 836 2357 dedecus,
863 2301 909 2347 si
919 2301 1117 2366 publice
1141 2301 1360 2363 divulger
1381 2313 1431 2346 ut
1449 2320 1565 2366 pro-

145 2378 277 2423 ditor
304 2379 586 2442 sacrilegus.
617 2379 877 2442 Nusquam
912 2378 973 2424 de
1011 2377 1241 2424 traditore
1274 2378 1400 2424 bona
1440 2397 1563 2425 can-

146 2458 208 2501 tio
226 2466 423 2502 cantata
440 2467 522 2502 est.
547 2457 721 2503 Omnes
734 2468 899 2521 gentes
917 2467 1191 2523 apostatam
1210 2467 1253 2501 et
1266 2456 1565 2521 proditorem

146 2535 270 2581 sicut
295 2534 462 2599 lupum
486 2535 808 2593 maledicunt,
840 2547 882 2580 et
912 2535 1170 2598 suspendio
1195 2535 1398 2598 dignum
1418 2535 1566 2599 judi—

146 2622 261 2657 cant
283 2622 327 2656 et
351 2612 659 2676 opprimuntj-
686 2623 728 2657 et
753 2614 792 2657 si
797 2610 912 2675 jors
937 2622 1029 2668 est,
1048 2610 1267 2676 patibulo
1289 2628 1397 2656 cum
1412 2611 1564 2659 dede-

149 2706 256 2734 core
266 2726 281 2745 ,
307 2688 562 2752 multisque
579 2688 771 2755 probris
791 2688 1008 2752 affigunt.
1037 2687 1329 2753 Achitoplzel
1345 2700 1389 2736 et
1405 2689 1562 2737 ludas

152 2765 423 2812 traditionis
450 2766 606 2812 scelus
631 2767 897 2812 machinati
914 2776 1047 2823 sunt)
1071 2766 1278 2831 parique
1297 2769 1565 2831 suspensio>-
