1951 3194
543 216 695 255 LIBER
725 215 966 265 QUINTUS.
1388 212 1464 250 447

59 298 154 354 siae,
169 299 302 360 juxta
328 307 598 343 consortem
624 296 769 352 thori,
799 312 968 359 corpus
991 295 1086 357 ejus
1108 290 1368 339 honorilice
1389 309 1463 338 sc-

58 373 247 437 pultum
272 385 356 420 est.

122 451 380 497 Praedictus
398 450 530 496 miles
546 486 558 506 ‚
583 449 791 496 tirocinii
811 449 879 494 sui
903 458 1134 511 tempore,
1157 444 1319 510 probis
1342 446 1465 490 acti-

59 528 147 574 bus
170 529 386 584 emicuit,
411 538 458 574 et
482 528 657 575 relictis
678 528 830 585 notis,
852 525 1065 573 affinibus
1089 535 1136 572 et
1160 525 1276 570 caris
1300 541 1467 588 paren-

63 605 214 662 tibus,
247 606 371 652 inter
396 617 580 652 exteros
614 606 837 651 insertam
866 603 953 650 sibi
985 604 1213 650 virtutem
1238 602 1464 649 exercuit.

63 684 241 730 Italiam
267 684 423 747 itaque
447 683 666 746 expetiit,
699 681 1055 746 fortissimoque
1077 681 1183 728 duci
1208 679 1469 727 Guiscardo

62 762 282 817 sociatus,
304 760 536 806 Graeciam
553 759 740 814 invasit,
762 770 808 805 et
830 759 875 804 in
898 758 1142 814 conflictu,
1165 775 1263 822 quo
1284 757 1470 803 Alexius

64 839 324 901 imperator
340 835 895 899 Constantinopolitanus
910 835 1060 881 victus
1076 835 1261 897 fugerat
1276 834 1370 896 (1),
1392 851 1472 879 no-

63 914 223 960 biliter
255 913 513 958 dimicavit.
551 914 662 959 Post
693 913 885 977 aliquod
922 923 1105 975 tempus
1139 911 1313 957 obnixa
1344 912 1472 974 peti-—

65 991 195 1037 tione
218 990 364 1053 patris
384 1007 617 1053 regressus
638 990 685 1034 in
706 989 930 1044 Galliam,
955 1006 1151 1035 uxorem
1175 988 1311 1033 duxit
1334 986 1474 1032 nobi„

65 1067 156 1114 lem
181 1078 227 1113 et
251 1066 371 1113 bene
394 1068 724 1131 morigeratam
749 1067 973 1129 puellam,
995 1067 1189 1112 nominc
1206 1065 1469 1120 Odelinam,

65 1143 250 1190 Radulfi
276 1154 594 1207 cognomento
620 1144 875 1189 Malivicini
891 1144 980 1207 (2),
1002 1143 1317 1189 Madantensis
1341 1144 1475 1205 oppi«

66 1221 202 1280 dani,
225 1221 387 1267 filiam.
416 1221 700 1286 Frugalitate
724 1240 801 1266 sua
831 1222 1048 1267 militaris
1074 1222 1145 1266 vir
1165 1231 1362 1267 cunctos
1386 1219 1472 1265 sibi

69 1299 360 1347 cohaerentes
392 1299 447 1345 ad
476 1299 769 1346 honestatem
800 1298 1110 1362 provocabat,
1144 1299 1479 1363 parcimoniae-

69 1393 162 1440 que
189 1376 398 1423 modesta
432 1377 733 1423 restrictione
766 1375 1060 1439 regularibus
1094 1376 1234 1421 etiam
1267 1375 1479 1438 personis

71 1454 338 1517 exemplum
368 1452 700 1518 portendebat.
728 1454 984 1517 Nunquam
1009 1471 1147 1517 poma
1174 1454 1222 1499 in
1255 1453 1479 1498 viridario

72 1530 305 1589 comedit,
348 1549 594 1596 nunquam
627 1549 737 1576 uvas
771 1532 816 1577 in
850 1533 1010 1587 vinea,
1046 1549 1133 1577 nec
1165 1532 1395 1578 avellanas
1431 1532 1477 1576 in

72 1610 199 1673 sylva
218 1610 438 1672 gustavit.
463 1610 712 1655 Canonicis
732 1609 1050 1663 solummodo,
1072 1610 1129 1656 ad
1147 1628 1356 1657 mensam
1375 1627 1482 1674 quae

73 1686 453 1751 apponebantur,
491 1687 704 1734 sumebat
736 1687 884 1746 horis,
916 1687 1074 1735 dicens
1099 1688 1357 1735 brutorum
1386 1688 1483 1733 ani-2

73 1764 269 1817 malium
296 1782 417 1821 esse,
449 1782 547 1811 non
582 1764 814 1821 hominis,
847 1766 1091 1813 comedere
1121 1765 1354 1830 quidquid
1384 1765 1481 1811 fors

75 1852 361 1905 suggereret,
383 1840 557 1905 absque
577 1841 951 1888 consideratione
967 1842 1057 1888 loci
1079 1853 1124 1887 et
1141 1842 1385 1905 temporis.
1403 1843 1486 1887 Le-

77 1917 166 1980 gali
187 1915 433 1962 connubio
453 1926 728 1975 contentus,
749 1918 1009 1963 castitatem
1027 1916 1230 1975 amabat,
1246 1916 1487 1963 etobscoc-

79 1996 275 2042 nitatem
308 1993 517 2040 libidinis
549 2011 678 2052 non,
708 2005 761 2040 ut
792 1995 953 2055 laicus,
987 1995 1168 2059 vulgari
1202 1994 1487 2041 verbositate

80 2069 401 2135 vituperabat,
425 2070 522 2129 sed,
549 2081 604 2116 ut
622 2069 790 2117 doctor
814 2072 1163 2128 ecclesiasticus,
1187 2072 1364 2135 argutis
1384 2071 1491 2117 alle-

81 2146 349 2213 gationibus
365 2147 518 2211 palam
536 2147 897 2195 condemnabat.
911 2150 1093 2213 Jejunia
1108 2160 1155 2195 et
1169 2167 1361 2196 omnem
1379 2167 1489 2197 con-

84 2225 333 2272 tinentiam
352 2225 502 2270 carnis
523 2225 572 2270 in
594 2225 817 2271 omnibus
837 2226 1080 2283 laudabat,
1103 2238 1150 2273 et
1176 2227 1271 2290 ipse
1289 2226 1489 2273 viriliter

87 2303 132 2348 in
154 2321 200 2349 se
218 2319 307 2366 pro
328 2301 522 2348 modulo
546 2302 646 2348 laici
670 2302 919 2350 retinebat.
947 2303 988 2349 A
1012 2304 1189 2367 rapinis
1212 2304 1493 2350 omnimodo

133 2534 182 2579 (1)
208 2532 295 2567 Pres
311 2531 356 2566 de
374 2532 551 2575 Durazzo,
573 2532 606 2566 le
629 2532 668 2567 18
684 2532 832 2567 octobre
855 2533 953 2568 1081.

135 2598 187 2640 (2)
213 2595 318 2629 Cette
340 2593 474 2628 samille
498 2595 715 2638 Mauvoisin,
734 2595 931 2641 originaire
948 2595 992 2630 de
1009 2595 1169 2635 Mantes,
1192 2594 1273 2628 S’cst
1294 2594 1424 2629 etablie
1447 2608 1492 2629 cn

92 2653 336 2695 Normandie,
370 2654 417 2687 ou
440 2653 507 2688 cllc
532 2667 549 2687 a
575 2654 725 2700 possc'dc
748 2654 798 2688 les
826 2661 938 2689 terres
965 2655 1008 2690 «lc
1032 2653 1495 2689 Saint‘Andre-la-Marclu:

92 2714 174 2760 pres
188 2705 327 2747 Evreux
343 2741 350 2756 ,
372 2720 402 2747 ct
425 2712 619 2758 Scrquigni
638 2714 719 2759 pres
735 2713 874 2748 Bcrnai.
