1951 3194
589 271 742 310 LIBER
771 271 1012 320 QUINTUS.
1430 273 1500 311 471

101 351 261 398 bertus
293 350 525 397 dederunt
565 362 727 398 sancto
766 349 971 397 Ebrulfo
1013 368 1163 396 unum
1196 366 1415 413 campum
1451 351 1507 398 dc

101 446 316 474 mansura
334 427 563 474 Rodbcrti
584 427 822 491 cujusdam
839 428 1025 485 villani,
1054 428 1102 473 in
1122 428 1371 490 praesentia
1392 428 1509 476 Rod-

102 504 223 551 berti
255 505 312 552 de
335 506 508 552 Sancto
539 504 735 551 Nicolao
765 506 866 568 (ι),
898 505 997 569 ipso
1024 503 1270 552 Rodberto
1299 522 1509 570 conque-

104 593 235 629 rente
249 620 261 639 ,
283 583 411 647 quod
430 593 602 628 terram
624 599 720 629 non
743 581 935 629 haberet
954 582 1035 627 uni
1059 599 1266 627 carrucae
1285 582 1511 629 sufficien-

104 670 217 707 tem.
247 659 488 723 Quidquid
508 659 655 705 Fulco
679 659 735 705 de
752 660 925 706 Sancto
946 658 1122 705 Albino
1142 660 1215 722 (2)
1238 660 1285 705 in
1304 660 1510 707 Villariis

103 739 160 785 de
180 749 301 785 terra
321 755 400 783 sua
419 737 547 785 dedit
565 746 726 782 sancto
745 735 947 783 Ebrulfo
960 772 972 793 ,
998 736 1203 783 haeredes
1221 738 1318 800 ejus
1336 737 1513 783 Tedri-

105 833 185 862 cus
201 827 247 862 et
263 815 508 861 Rainerius
529 823 880 871 concesserunt,
895 823 941 859 et
958 830 1126 860 uxores
1145 830 1310 859 eorum
1328 814 1511 861 Emme-

106 892 200 938 lina
220 902 266 939 et
281 891 522 937 Tescelina
540 891 617 953 (ex
640 889 812 954 quibus
835 900 934 936 erat
950 889 1233 953 haereditas),
1254 891 1512 939 retinentes

107 967 213 1015 inde
227 978 410 1032 partem
430 968 634 1032 aliquam
653 966 711 1013 ad
728 967 1083 1030 hospitandum,
1104 967 1302 1015 domino
1321 968 1514 1016 illorum

106 1046 371 1093 Alexandro
397 1056 652 1092 annuente.

170 1124 407 1170 Prolixam
440 1124 760 1170 narrationem
796 1123 853 1169 de
886 1121 1026 1169 rebus
1059 1123 1272 1170 Uticensi
1312 1125 1517 1172 ecclesiae¹

108 1201 226 1247 datis
244 1201 501 1265 protelavi3
530 1200 609 1248 sed
628 1201 830 1248 necdum
852 1218 1015 1248 omnes
1041 1202 1088 1247 in
1107 1203 1328 1265 praesenti
1355 1203 1517 1251 libello

111 1278 509 1341 comprehendere
541 1278 682 1324 valui.
713 1279 833 1324 Sunt
866 1278 1042 1324 etenim
1075 1296 1251 1342 parvae,
1285 1290 1330 1326 et
1361 1298 1384 1325 a
1417 1299 1521 1327 me-

110 1354 350 1401 diocribus
374 1365 455 1400 ant
478 1354 719 1401 blanditiis
745 1355 1018 1411 abstractae,
1048 1366 1129 1401 aut
1148 1356 1191 1401 vi
1209 1392 1221 1413 ,
1245 1374 1324 1403 seu
1344 1358 1518 1420 pretio,

111 1431 184 1476 rel
206 1431 297 1477 alio
318 1430 533 1495 quolibet
552 1431 695 1477 modo
714 1441 914 1478 extortae
927 1467 940 1490 ‚
962 1432 1251 1496 sparsimque
1270 1450 1355 1496 per
1373 1433 1522 1496 pluri-

112 1526 209 1554 mas
224 1509 446 1555 dioeceses
462 1508 668 1566 diffusae5
688 1509 735 1554 in
752 1507 924 1573 quibus
938 1507 1283 1555 monachorum
1298 1527 1524 1556 numerus

114 1585 372 1631 secundum
410 1586 726 1650 quantitatem
763 1586 1066 1649 possessionis
1108 1586 1436 1644 constituitur,
1478 1598 1525 1633 et

114 1679 203 1726 pro
232 1661 497 1709 fautoribus
532 1663 625 1708 suis
660 1663 708 1708 in
732 1661 923 1726 hymnis
955 1672 1003 1708 et
1030 1661 1248 1726 precibus
1286 1672 1332 1709 et
1367 1664 1526 1709 conti—

116 1738 247 1785 nenti
275 1738 367 1783 vita
396 1738 592 1786 domino
616 1737 830 1803 quotidie
859 1738 1131 1784 famulatur.
1169 1738 1286 1799 Quae
1318 1749 1523 1797 restant,

118 1816 166 1862 in
191 1817 403 1881 sequenti
426 1816 655 1881 opusculo
681 1816 909 1863 veraciter
934 1816 1237 1880 colligentur,
1267 1827 1313 1863 et
1339 1818 1527 1864 notitiae

117 1891 345 1949 fratrum,
374 1894 455 1956 qui
482 1891 621 1938 nobis
647 1892 703 1938 ad
729 1891 1041 1938 laborandum
1070 1893 1119 1937 in
1146 1909 1260 1955 agro
1284 1893 1528 1941 dominico

121 1967 394 2024 succedent,
425 1967 607 2031 liquido
630 1968 916 2031 pandentur.

125 2159 222 2201 rien,
243 2157 434 2204 puisqu’on
449 2157 576 2203 ignore
590 2156 622 2190 la
640 2156 722 2191 date
739 2156 783 2190 de
798 2156 830 2190 la
848 2163 944 2191 mort
958 2156 1140 2190 d’Ascelin
1154 2157 1262 2192 Goel.
1282 2157 1311 2191 ll
1325 2165 1379 2192 est
1392 2160 1531 2193 certain

126 2230 171 2251 au
197 2217 314 2251 moins
332 2228 403 2263 que
422 2216 542 2250 c⁷etait
566 2223 671 2250 avant
696 2228 801 2262 1119,
822 2217 962 2262 epoque
986 2217 1034 2249 ou
1060 2228 1124 2250 son
1145 2216 1198 2250 fils
1219 2217 1358 2251 Robert
1382 2218 1470 2252 etait
1487 2231 1532 2253 en

127 2275 327 2321 possession
344 2273 389 2308 de
404 2285 457 2308 ses
476 2273 675 2308 domaines.

172 2335 222 2380 (1)
247 2334 438 2369 Peut—etre
456 2332 744 2376 saint-Nicolas,
760 2333 914 2367 hameau
930 2333 975 2367 de
993 2333 1386 2369 Montsort-rAmam—i.

173 2394 223 2437 (¹2)
249 2393 349 2427 Nous
370 2404 414 2426 ne
434 2392 665 2427 connaissons
683 2391 788 2438 point
805 2390 848 2424 de
866 2392 1113 2426 Saint-Aubin
1138 2392 1218 2438 plus
1243 2393 1356 2427 voisin
1380 2392 1424 2427 de
1442 2400 1536 2427 cette

130 2453 276 2487 contree
292 2463 362 2498 que
378 2451 643 2494 Saint-Aubin‚
665 2451 748 2497 pres
768 2450 1165 2497 Neauphle-le-Vieux.

627 2638 722 2661 1³1le
752 2638 840 2660 'rOMl
872 2637 1042 2661 SECUNDI.
