1951 3194
313 241 362 277 os
678 233 919 271 ffls'somA
952 231 1354 271 ECCLESIASTICA.
1585 235 1723 284 [1063]

313 337 401 383 que
412 317 765 384 periclitantur,
795 322 838 357 et
858 329 947 375 ego
967 312 1089 356 inter
1107 322 1354 376 utramque
1367 324 1558 379 partem
1580 313 1726 359 valde

292 398 552 460 fluctuans
578 393 761 439 licesito.
795 389 1039 435 Videlicet
1061 390 1179 453 quia
1201 401 1245 436 et
1268 391 1490 454 praelatis
1514 394 1630 437 meis
1652 408 1726 436 me

309 475 425 520 bene
444 473 547 519 loco
566 480 694 517 stare
713 466 1092 513 asseverantibus
1109 484 1170 512 ac
1179 469 1430 532 persistere
1444 465 1724 532 jubentibus

307 550 582 598 inobediens
599 545 718 612 sore
747 562 842 592 non
877 544 1035 591 audeo
1049 566 1072 600 ,·
1106 554 1151 590 et
1164 543 1347 608 fratris
1382 545 1725 592 calumniantis

308 635 431 678 iram
454 626 717 689 odiumque
741 622 1296 685 veliementerformido,
1324 628 1591 687 praesertim
1617 639 1726 670 Cum

306 706 580 753 sacerdotes
611 714 654 750 et
683 700 906 747 monachi
935 701 1084 746 simus
1119 699 1275 746 ambo.
1314 701 1445 746 Dum
1473 701 1600 747 enim
1628 717 1727 745 vox

304 784 579 851 apostolica
604 779 876 828 terribiliter
899 778 1116 824 omnibus
1146 779 1325 824 intonet
1349 778 1513 825 dicens
1535 796 1548 823 :
1570 777 1725 824 omnis

304 862 387 926 qui
407 860 510 908 odit
528 859 726 905 fratrem
743 873 881 903 suum
899 854 1136 903 homicida
1162 865 1230 901 est
1255 857 1341 918 (ι),
1370 856 1476 919 quis
1500 872 1728 901 enarrare

303 937 478 1001 sufficit
502 954 649 1001 quam
671 951 819 1000 grave
844 931 1159 979 homicidium
1185 942 1429 997 perpetrat
1461 931 1725 978 monachus

303 1014 532 1061 sacerdos
549 1012 763 1077 fratrem
793 1028 933 1056 suum
963 1009 1132 1056 odiens
1150 1008 1176 1055 ‚9
1200 1010 1269 1055 Et
1301 1011 1346 1056 si
1377 1010 1445 1055 ita
1478 1009 1548 1055 ad
1573 1009 1727 1055 altare

304 1091 571 1155 sacrificat,
596 1108 701 1136 eum
723 1089 938 1134 animam
959 1105 1099 1133 suam
1119 1088 1355 1133 damnare
1373 1091 1479 1151 quis
1503 1085 1728 1151 ignorat?

304 1168 521 1214 Proinde
532 1205 549 1225 9
599 1166 793 1213 domine
832 1163 1123 1230 apostolice,
1177 1165 1319 1209 totius
1365 1163 1728 1210 christianitatis

302 1257 446 1311 pater
466 1243 872 1300 reverendissime,
895 1252 1023 1287 terra
1046 1252 1179 1287 tenus
1199 1251 1469 1304 prostratus
1490 1240 1559 1286 ad
1574 1240 1728 1306 pedes

306 1321 650 1369 misericordioe
667 1330 837 1366 vestrce
856 1318 1141 1382 lacrymosis
1158 1317 1416 1381 gemitibus
1433 1317 1730 1382 proecordia-

306 1402 413 1446 liter
443 1399 654 1465 efflagito
688 1409 736 1443 ut
759 1414 876 1451 vos,
913 1398 999 1460 qui
1025 1397 1075 1442 in
1100 1396 1203 1442 loco
1236 1395 1365 1441 beati
1387 1396 1520 1442 Petri
1542 1413 1731 1442 summa

309 1477 568 1541 vigilantia
585 1492 691 1521 oves
709 1473 981 1519 dominicas
1000 1473 1153 1527 alere,
1183 1484 1227 1517 et
1244 1491 1275 1518 a
1297 1472 1520 1538 luporum
1540 1472 1730 1518 insidiis

308 1552 549 1601 custodire
588 1550 768 1595 debetis
781 1587 798 1607 ,
843 1549 989 1614 liujus
1031 1549 1209 1613 lupinae
1249 1548 1509 1596 discordioe
1550 1548 1730 1594 malum

311 1635 432 1679 inter
454 1647 528 1676 me
551 1627 817 1693 etjratrem
850 1627 999 1684 lzunc,
1027 1627 1088 1672 de
1108 1644 1202 1690 quo
1230 1626 1412 1691 loquor,
1441 1626 1733 1673 Rodbertum

312 1729 378 1756 ex
404 1709 500 1754 :elo
524 1707 622 1753 Dei
634 1705 985 1771 perjudicium
1004 1706 1245 1769 aequitatis
1265 1705 1456 1752 abolere
1462 1703 1728 1769 festinetis,

313 1800 356 1834 et
388 1803 569 1831 omnem
607 1784 735 1830 lianc
753 1782 1132 1846 fluctuationem
1167 1802 1199 1829 a
1231 1785 1373 1830 corde
1406 1801 1508 1830 meo
1536 1785 1733 1847 penitus

315 1864 580 1927 auferatis;
614 1863 683 1908 ita
708 1861 892 1907 scilicet
925 1871 975 1906 ut
999 1878 1061 1907 ex·
1093 1862 1288 1924 imperio
1314 1873 1488 1908 vestroe
1520 1862 1735 1907 auctori-

318 1944 453 1999 tatis,
482 1952 525 1986 et
549 1957 623 1985 me
645 1950 690 1985 et
711 1940 1029 1986 ordinationis
1054 1957 1174 1987 meoe
1197 1951 1414 1998 autores,
1447 1950 1491 1986 et
1516 1939 1735 1986 eumdem

316 2022 356 2066 R
363 2019 592 2066 otbertum
617 2016 1014 2063 calumniatorem
1033 2018 1104 2063 ad
1118 2018 1444 2082 justissimam
1463 2020 1529 2063 rei
1548 2017 1734 2064 discus-

316 2100 497 2142 sionem
519 2111 681 2139 coram
702 2092 888 2139 idoneis
913 2093 1224 2158 legitimisque
1238 2094 1494 2158 judicibus
1517 2097 1567 2139 in
1592 2111 1736 2139 unum

319 2171 563 2219 convenire
571 2170 786 2231 faciatis
801 2193 821 2225 ,·
846 2172 1073 2234 quatinus
1097 2174 1138 2216 si
1161 2172 1210 2216 in
1234 2171 1433 2217 abbatia
1457 2170 1570 2216 bene
1588 2171 1736 2235 posi-

321 2262 396 2296 tus
432 2258 642 2313 repertus
663 2248 840 2309 fitero,
872 2251 1162 2312 persistam;
1196 2250 1241 2294 si
1273 2248 1427 2305 male,
1466 2247 1732 2294 discedam.

326 2327 470 2391 Quod
502 2327 546 2372 si
571 2342 663 2389 per
692 2331 906 2388 gratiam
939 2337 1148 2372 vestram
1173 2325 1414 2390 feceritis,
1457 2335 1500 2370 et
1531 2343 1556 2369 0
1610 2325 1737 2370 cium

321 2405 515 2470 quidem
535 2414 744 2450 vestrum
769 2403 1081 2450 laudabiliter
1101 2404 1374 2468 implebitis,
1398 2415 1441 2449 et
1461 2421 1548 2450 nos
1570 2403 1737 2449 ambos

305 2484 492 2548 fratres
511 2483 560 2528 in
571 2484 714 2547 pacis
736 2481 1040 2528 dulcedinem
1059 2481 1354 2528 conducetis.
1374 2481 1507 2529 Nam
1523 2482 1617 2528 sive
1626 2496 1739 2544 per-

326 2563 513 2616 sistere,
538 2560 633 2606 sice
650 2558 892 2606 discedere
911 2559 1031 2605 milii
1050 2561 1239 2622 conting
1248 2571 1322 2618 at,
1339 2557 1559 2625 profecto
1581 2569 1623 2603 et
1623 2554 1738 2621 fra-

377 2729 645 2771 (1)1Joa11.111,
672 2726 720 2761 ι5,
