1951 3194
429 264 506 302 422
793 261 1037 299 HISTORIA
1070 259 1473 298 ECCLESIASTICA.

429 362 583 400 suum,
612 343 789 388 ibidem
810 340 1008 397 obtulit,
1033 351 1080 386 et
1104 341 1199 403 ipse
1217 350 1326 403 post
1347 338 1536 386 obitum
1555 341 1742 405 Rogerii
1764 358 1839 388 co-

427 422 554 467 mitis
566 418 832 466 monachile
845 417 1029 465 schema
1041 417 1255 481 suscepit.
1270 416 1340 463 lbi
1356 434 1425 464 vn
1435 418 1570 464 annis
1581 418 1840 465 secundum

427 513 643 544 normam
667 496 812 541 sancti
845 495 988 559 patris
1015 494 1257 541 Benedicti
1286 492 1546 541 monachus
1569 494 1669 547 Deo
1693 495 1841 542 servi-

426 574 513 629 vit,
533 583 580 619 et
603 572 719 619 feria
744 578 812 618 V1a
838 571 1144 619 hebdomadae
1163 572 1462 618 Pentecostes
1481 580 1588 635 post
1607 571 1839 635 plurimos

424 650 608 697 labores
622 686 635 707 ‚
674 668 793 715 quos
828 667 918 714 pro
956 650 1054 697 Deo
1095 649 1295 714 pertulit
1310 685 1321 704 ‚
1360 647 1507 696 flebili
1545 648 1841 696 confessione

425 739 580 775 reatus
620 746 728 776 suos
763 727 1025 793 detegendo
1057 728 1199 785 texit,
1237 739 1283 774 et
1312 745 1438 773 sacra
1471 728 1700 775 unctione
1732 744 1841 791 per-

427 816 598 852 unctus
625 816 671 853 et
695 806 867 852 viatico
891 805 1134 863 munitus,
1163 815 1239 851 111⁰
1271 822 1421 851 nonas
1448 804 1573 868 junii
1599 803 1722 851 obiit
1746 804 1836 868 (i).

430 884 659 947 Rogerius
694 893 853 930 autem
883 900 1042 930 comes
1068 893 1176 946 post
1204 894 1410 930 mortem
1433 882 1674 929 Guillelmi
1702 881 1841 930 nothi

429 979 507 1008 sex
539 962 673 1008 annis
709 962 857 1020 vixit,
896 971 942 1007 et
972 961 1215 1025 longaevus
1250 960 1388 1008 heros
1425 961 1550 1008 inter
1577 961 1843 1025 praecipuos

427 1039 678 1101 optimates
691 1037 876 1102 Angliae
894 1036 1087 1094 floruit3
1109 1046 1155 1083 et
1176 1035 1430 1093 abbatiam,
1446 1055 1588 1101 quam
1605 1055 1714 1084 eum
1734 1055 1843 1086 con-

428 1116 650 1162 struxisse
667 1115 783 1171 dixi,
804 1115 942 1161 terris
958 1132 1011 1160 ac
1033 1113 1296 1162 redditibus
1318 1114 1623 1163 mediocriter
1641 1114 1846 1179 locuple-

430 1193 562 1238 tavit.
586 1191 653 1238 Ibi
671 1193 821 1256 (anno
838 1200 893 1239 ΜΟ
909 1201 989 1239 Xc⁰
1010 1198 1094 1254 1v0)
1110 1193 1183 1256 (2)
1200 1202 1268 1239 v1⁰
1281 1192 1351 1238 kal
1364 1229 1373 1238 .
1393 1192 1574 1257 augusti
1592 1191 1844 1239 defunctus

427 1281 522 1325 est,
546 1281 590 1317 et
612 1270 661 1316 in
680 1270 868 1316 basilica
885 1287 1006 1317 nova
1029 1271 1154 1317 inter
1177 1270 1272 1317 duo
1294 1270 1457 1316 altaria
1480 1269 1745 1318 honorifice
1768 1288 1843 1318 se-

426 1348 587 1411 pultus
612 1358 697 1394 est.
725 1347 999 1396 Rodbertus
1018 1365 1150 1404 vero,
1177 1348 1300 1394 filius
1325 1351 1444 1412 ejus,
1469 1358 1627 1395 totum
1647 1347 1841 1395 feudum

427 1428 524 1489 ejus
552 1416 600 1472 in
620 1425 917 1472 Normannia
942 1428 1068 1472 solus
1090 1424 1330 1482 obtinuit,
1361 1436 1408 1473 et
1429 1427 1539 1490 quia
1565 1426 1765 1473 crudelis
1795 1437 1842 1473 et

427 1502 656 1568 superbus
681 1514 727 1550 et
747 1503 878 1550 valde
898 1521 1102 1568 nequam
1124 1515 1247 1560 erat,
1272 1505 1542 1550 innumeras
1572 1504 1843 1568 iniquitates

428 1582 656 1627 exercuit.
682 1582 820 1645 Hugo
842 1591 998 1627 autem
1021 1580 1078 1627 de
1098 1581 1535 1628 Monte—Gomerici
1564 1582 1843 1628 comitatum

429 1658 785 1707 Scrobesburiae
800 1657 982 1715 habuit,
1001 1659 1078 1705 sed
1095 1670 1201 1722 post
1213 1659 1396 1723 aliquot
1414 1676 1582 1716 annos,
1604 1677 1628 1705 a
1646 1659 1838 1723 Magno,

428 1737 573 1784 fratre
593 1738 714 1802 regis
733 1735 1209 1800 Northwigenarum,
1236 1746 1432 1800 repente
1450 1737 1611 1782 missili
1636 1736 1842 1800 perfora-

433 1826 527 1869 tus,
555 1816 602 1861 in
626 1815 790 1861 littore
813 1815 954 1860 maris
975 1815 1201 1861 occubuit
1223 1815 1317 1878 (3);
1341 1831 1509 1878 quem,
1537 1831 1647 1860 cum
1669 1832 1841 1879 magno

430 1892 561 1937 luctu
572 1891 894 1955 deportatum,
913 1890 1351 1937 Serobesburiensis
1366 1900 1628 1937 conventus
1640 1891 1689 1937 in
1701 1891 1844 1937 claus-

433 1984 507 2020 tro
526 1972 780 2018 tumulavit
800 1973 892 2036 (4).
917 1973 1031 2018 Aliis
1052 1989 1244 2037 quoque
1262 1970 1447 2018 duobus
1470 1971 1578 2018 filiis
1603 1972 1695 2018 suis
1717 1992 1727 2017 :
1753 1973 1845 2019 Ro-

475 2172 524 2217 (1)
550 2171 651 2204 Nous
675 2180 831 2215 pensons
854 2180 926 2215 que
953 2168 1093 2202 l’annee
1119 2170 1138 2201 ἐι
1164 2167 1318 2214 laquelle
1345 2179 1402 2201 ces
1422 2166 1583 2201 donnees
1601 2167 1844 2215 s’appliquent

428 2242 511 2264 avec
526 2230 558 2263 le
573 2229 653 2275 plus
669 2228 713 2261 de
728 2225 1008 2261 vraisemblance
1023 2233 1077 2260 est
1091 2225 1178 2260 celle
1193 2225 1237 2260 de
1257 2239 1267 2259 1
1280 2236 1355 2259 102.
1371 2225 1418 2259 Le
1433 2223 1568 2259 samedi
1582 2224 1626 2259 de
1640 2224 1672 2260 la
1686 2227 1844 2261 semaine

398 2311 403 2314 -
429 2289 474 2323 de
490 2288 524 2322 la
541 2287 737 2322 Pentecote
757 2299 780 2332 y
794 2285 949 2320 tombait
966 2285 998 2319 le
1018 2285 1057 2320 31
1076 2285 1166 2327 mai,
1187 2291 1316 2331 quatre
1329 2283 1436 2329 jours
1454 2290 1559 2318 avant
1576 2283 1609 2318 le
1625 2282 1646 2318 5
1664 2283 1760 2330 juin.
1781 2284 1842 2320 On

428 2354 518 2395 peut
535 2358 710 2394 supposer
727 2357 798 2393 que
816 2345 849 2379 le
868 2345 953 2391 pere
974 2344 1019 2378 dc
1038 2351 1143 2378 notre
1170 2350 1300 2378 auteur
1320 2343 1444 2377 n'aura
1460 2344 1534 2390 pris
1553 2342 1682 2378 l'habit
1697 2355 1842 2378 monas-

433 2410 532 2456 tique
543 2420 614 2455 que
630 2407 718 2441 (lans
731 2406 764 2440 le
777 2411 930 2440 courant
944 2405 988 2438 de
1003 2404 1141 2439 l⁷annee
1153 2404 1216 2451 qui
1232 2403 1340 2438 suivit
1355 2403 1388 2437 la
1401 2410 1496 2438 mort
1508 2403 1558 2438 du
1571 2410 1690 2438 comte
1703 2403 1840 2450 Roger.

477 2470 526 2513 (2)
552 2468 658 2503 Cette
676 2466 759 2500 date
777 2473 832 2500 est
849 2477 980 2500 encore
995 2477 1067 2499 une
1085 2463 1345 2511 interpolation
1364 2463 1540 2499 moderne
1555 2463 1644 2498 dans
1661 2463 1695 2498 le
1712 2475 1842 2498 manu-

431 2529 517 2562 serit
536 2527 582 2561 de
601 2517 886 2571 Saint—Evroult.

477 2586 525 2631 (5)
554 2588 599 2620 Le
617 2598 659 2633 ‘²7
676 2584 799 2630 juillet
822 2587 919 2630 1094.

476 2648 524 2689 Μ)
551 2646 651 2678 Nuus
679 2645 930 2679 examinemus
949 2643 998 2677 les
1017 2644 1281 2676 circonstanees
1308 2642 1352 2676 dc
1381 2649 1437 2675 cot
1463 2643 1675 2676 evenemcnt
1701 2640 1790 2674 (lans
1810 2642 1841 2675 lc

433 2704 518 2736 livre
540 2716 576 2739 x„
600 2704 647 2735 ou
671 2702 695 2736 il
720 2710 773 2736 est
794 2703 939 2736 raconte
958 2714 1038 2735 avec
1066 2701 1145 2747 plus
1168 2700 1362 2735 (Petcnduc
1382 2708 1417 2735 ct
1437 2699 1611 2745 quelques
1630 2697 1841 2734 diss'orences

434 2762 605 2796 uniames.
