1951 3194
466 280 542 318 238
831 276 1070 314 HISTORIA
1101 276 1502 317 ECCLESIASTICA.
1732 285 1870 334 [1072]

470 359 599 406 tricis
614 374 795 420 semper
814 357 1023 420 Virginis
1034 357 1214 414 Mariae,
1237 358 1311 403 cui
1325 359 1561 408 Johannes
1577 361 1782 426 ejusdem
1798 380 1874 408 ur-

469 436 541 482 bis
560 433 934 496 archiepiscopus
951 443 1176 497 praeerat,
1198 444 1244 480 et
1264 435 1456 498 vestigia
1477 437 1669 483 Patrum
1687 448 1873 485 secutus

469 511 663 559 utilitati
684 509 1004 557 ecclesiasticae
1024 509 1313 557 omnimodis
1332 512 1629 570 consulebat,
1656 533 1764 561 cum
1783 514 1874 561 suf-

468 589 702 654 fraganeis
724 589 816 635 suis
840 609 850 634 ε
873 587 1038 635 Odone
1057 589 1295 652 Bajocensi
1311 624 1323 645 ,
1346 590 1547 654 Hugone
1573 592 1871 648 Luxoviensi,

470 666 716 714 Rodberto
747 665 984 729 Sagiensi,
1022 664 1248 712 Michacle
1278 663 1608 713 Abrincatensi
1643 679 1689 714 et
1719 667 1874 715 Gisle—

468 744 607 791 berto
630 742 907 790 Ebroicensi
930 743 1021 806 (1).
1043 743 1097 788 In
1118 743 1283 806 primis
1306 743 1598 808 disputatum
1618 754 1687 791 est
1705 744 1762 792 de
1784 744 1876 792 fide

469 832 642 869 sanctae
668 831 714 867 et
742 819 997 866 individuae
1023 820 1294 877 Trinitatis,
1332 838 1473 886 quam
1497 823 1755 869 secundum
1783 833 1877 869 sta-

470 910 570 945 tuta
601 907 875 945 sanctorum
904 897 1218 944 conciliorum
1249 920 1258 944 :
1300 897 1477 945 scilicet
1514 899 1679 946 Niceni
1700 935 1714 956 ‚
1755 899 1879 946 Con-

470 975 883 1040 stantinopolitani
905 1011 917 1032 ,
974 975 1111 1038 primi
1164 974 1389 1039 Ephesini
1413 1012 1426 1032 ,
1487 975 1879 1024 Chalcedonensis

470 1055 661 1103 concilii
698 1052 1156 1108 corroboraverunt,
1195 1064 1482 1108 sanxerunt,
1519 1072 1566 1100 se
1605 1064 1707 1102 toto
1737 1054 1879 1101 corde

472 1133 660 1181 credere
683 1131 880 1196 professi
905 1140 1032 1176 sunt.
1066 1131 1178 1177 Post
1204 1129 1323 1176 hanc
1355 1130 1599 1178 catholicae
1622 1131 1729 1178 fidei
1759 1149 1879 1196 pro-

469 1212 745 1269 fessionem,
772 1226 950 1255 annexa
973 1218 1084 1253 sunt
1107 1207 1206 1253 haec
1229 1206 1490 1272 subscripta
1508 1208 1751 1256 catholicae
1770 1209 1877 1256 fidei

470 1289 704 1336 doctrinae
730 1285 952 1349 capitula.

535 1367 595 1412 In
617 1365 790 1430 primis
821 1374 1050 1410 statutum
1076 1374 1144 1409 est
1177 1381 1208 1408 a
1238 1362 1374 1409 nobis
1405 1375 1454 1408 ut
1482 1363 1746 1409 secundum
1773 1374 1878 1410 sta-

471 1458 574 1493 tuta
607 1446 837 1501 Patrum,
870 1442 1141 1489 chrismatis
1169 1453 1212 1487 et
1239 1441 1337 1488 olei
1364 1442 1663 1507 baptismatis
1693 1453 1736 1487 et
1769 1459 1879 1488 unc-

472 1525 613 1571 tionis
647 1522 940 1570 consecratio
971 1522 1253 1586 competenti
1284 1519 1404 1565 ltor‘a
1430 1538 1440 1564 :
1468 1520 1522 1565 id
1543 1531 1612 1566 est
1636 1530 1747 1584 post
1770 1519 1879 1567 No-

470 1619 583 1647 nam
607 1598 873 1646 secundum
898 1608 1078 1643 statuta
1104 1607 1380 1642 sanctorum
1409 1595 1738 1660 Patrwnfiat.
1774 1596 1881 1642 Hoc

469 1680 615 1724 etiam
637 1676 774 1723 debet
792 1675 1046 1741 episcopus
1064 1672 1330 1738 praevidere
1352 1684 1401 1718 ut
1425 1674 1474 1718 in
1500 1674 1608 1737 tpsn
1632 1690 1881 1719 consecra-

471 1762 595 1803 tione
617 1771 684 1801 X11
712 1752 985 1800 sacerdotes
1013 1750 1396 1798 sacerdotatibus
1424 1750 1633 1797 vestibus
1656 1751 1874 1807 indutos,

469 1834 551 1879 vel
578 1830 886 1897 quamplures
910 1847 1072 1875 secum
1100 1828 1292 1874 habeat.

534 1911 654 1956 Item
677 1915 727 1953 z'n
746 1905 1033 1972 quibusdam
1049 1905 1309 1971 provinciis
1333 1921 1434 1950 mos
1459 1903 1752 1950 detestabilis
1775 1905 1880 1950 ino-

471 1989 603 2045 levit,
633 1986 762 2051 quod
783 1984 985 2049 quidam
1009 1982 1348 2030 archidiaconi
1362 1993 1555 2046 pastore
1579 1993 1792 2028 carentes
1816 1981 1880 2028 ab

471 2068 638 2132 aliquo
671 2067 895 2130 episcopo
917 2062 1192 2128 particulas
1225 2061 1322 2106 olei
1351 2071 1394 2106 et
1433 2059 1705 2106 chrismatis
1742 2059 1879 2106 acci-

465 2147 632 2211 piunt,
667 2154 711 2189 et
743 2144 810 2188 ita
840 2141 945 2188 oleo
971 2158 1058 2186 suo
1085 2142 1412 2195 commiscent,
1441 2138 1574 2202 quod
1596 2149 1639 2183 et
1670 2139 1880 2184 damna-

474 2236 572 2270 tum
604 2233 686 2269 est.
718 2220 818 2267 Sed
849 2219 1172 2283 unusquisque
1199 2216 1574 2263 archidiaconus
1603 2215 1807 2262 chrisma
1839 2227 1882 2261 et

473 2303 627 2349 oleum
650 2318 789 2346 suum
813 2309 961 2345 totum
987 2299 1234 2362 episcopo,
1263 2313 1294 2340 a
1319 2311 1412 2358 quo
1437 2292 1805 2349 consecrabitur,
1834 2304 1882 2337 ut

471 2378 670 2444 proprio
703 2377 927 2441 episcopo
947 2383 1217 2439 praesentet.

538 2457 659 2501 Item
679 2452 949 2500 chrismatis
970 2462 1012 2495 et
1031 2450 1126 2496 olei
1142 2448 1411 2494 distributio
1431 2466 1460 2493 a
1480 2447 1677 2494 decanis
1694 2463 1880 2493 summa

519 2665 568 2709 (ι)
595 2664 645 2698 Cc
663 2660 800 2696 concile
819 2660 909 2694 n⁷est
922 2670 1042 2693 connu
1056 2669 1126 2704 quc
1147 2668 1210 2702 pai·
1232 2655 1262 2689 la
1282 2655 1531 2689 conservation
1549 2653 1594 2687 de
1614 2663 1667 2686 ses
1685 2658 1779 2686 actes
1793 2651 1880 2685 dans

477 2725 508 2757 le
527 2731 622 2758 texte
642 2723 686 2757 dc
709 2729 813 2757 notre
830 2727 973 2755 auteur.
995 2719 1055 2754 On
1079 2717 1110 2751 le
1128 2724 1254 2751 trouve
1273 2716 1444 2750 transm-it
1467 2714 1555 2748 dans
1576 2712 1627 2747 les
1646 2711 1798 2746 recueils
1819 2711 1880 2745 des

476 2782 628 2815 concilvs
648 2781 691 2814 de
712 2778 934 2814 Norniandic
953 2777 1092 2824 publics
1112 2789 1175 2821 par
1190 2775 1273 2808 dom
1293 2776 1528 2817 Ponimcraye
1546 2778 1581 2805 et
1599 2771 1682 2805 dom
1703 2771 1839 2804 Bessin.
