1951 3194
375 252 423 286 16
737 247 980 285 HISTORIA
1011 246 1412 286 ECCLESIASTICA.
1511 250 1778 300 [1030—1050]

439 326 702 373 Geroianus
731 326 1011 372 Willermus
1041 325 1171 371 omni
1198 326 1290 371 vita
1314 344 1392 373 sua
1418 327 1673 376 Ecclesiam
1694 330 1780 376 Dei

374 403 568 459 dilexit,
611 412 657 449 et
695 401 953 449 monachos
995 412 1041 448 et
1081 401 1303 460 clericos,
1340 404 1546 470 aliosque
1586 406 1784 471 religio-

376 497 449 527 sos
482 478 697 526 homines
727 478 998 525 honoravit.
1034 478 1111 523 Bis
1148 478 1196 524 in
1230 479 1484 526 Jerusalem
1516 482 1781 547 sepulcrum

373 557 567 604 Domini
603 556 799 620 expetiit
835 556 854 619 ζ
865 555 908 619 1)
945 577 955 601 :
995 556 1137 603 semel
1172 556 1285 602 dum
1326 557 1574 605 incolumis
1607 571 1705 607 erat
1737 571 1784 606 et

373 633 688 699 prosperitate
722 632 971 697 praeditus,
1017 633 1283 699 iterumque
1319 644 1427 697 post
1462 634 1783 683 infortunium

373 710 503 776 quod
538 711 579 758 ei
620 712 826 758 evenisse
864 710 1131 757 retulimus.
1170 712 1282 757 Post
1319 710 1526 757 reditum
1567 713 1782 759 secundae

372 790 767 855 peregrinationis
787 788 1011 835 saeculum
1035 788 1245 852 reliquit,
1274 798 1320 835 et
1336 790 1538 835 Beccum
1562 801 1783 854 expetens

373 866 691 915 monachilem
711 865 928 913 habitum
953 866 1129 912 ibidem
1149 867 1397 930 assumpsit
1411 902 1424 923 ‚
1449 877 1494 914 et
1513 867 1783 915 Uticensem

372 945 613 993 ecclesiam
657 945 805 990 sancti
846 944 971 990 Petri
1015 943 1163 990 eidem
1206 943 1313 990 loco
1353 943 1521 990 devote
1570 944 1780 992 tradidit⁰

373 1024 535 1086 ltaque
560 1021 817 1067 Herluinus
841 1019 981 1066 abbas
1013 1019 1331 1066 Lanfrancum
1360 1018 1649 1066 monachum
1674 1021 1782 1086 (qui

374 1111 534 1165 postea
558 1099 924 1145 cantuariorum
949 1097 1326 1161 archiepiscopus
1351 1097 1536 1161 extitit)
1566 1116 1675 1143 cum
1698 1099 1787 1144 tri-

371 1177 460 1223 bus
492 1174 735 1223 monachis
769 1174 963 1221 Uticum
993 1173 1197 1232 direxit,
1231 1184 1278 1219 et
1310 1191 1394 1237 per
1425 1190 1504 1220 eos
1538 1174 1784 1220 servitium

372 1253 485 1309 Dei,
508 1252 638 1317 quod
652 1249 911 1306 deciderat,
935 1248 1051 1295 inibi
1074 1249 1323 1295 restaurari
1343 1248 1473 1295 fecit.
1495 1249 1635 1295 Tunc
1654 1249 1785 1296 locus

374 1332 471 1395 ipse
504 1330 713 1376 desertus
751 1339 876 1385 erat,
918 1337 965 1374 et
999 1344 1292 1374 succrescens
1333 1326 1500 1374 hedera
1536 1328 1785 1375 maceriem

374 1408 581 1455 ecclesiae
601 1405 920 1471 cooperiebat.
945 1407 1050 1454 Duo
1069 1406 1155 1453 soli
1176 1423 1306 1452 senes
1330 1406 1486 1452 clerici
1500 1441 1513 1462 ‚
1536 1405 1786 1453 Restoldus

375 1498 420 1534 et
438 1489 724 1552 Ingrannus,
751 1484 927 1531 ibidem
952 1483 1281 1540 morabantur,
1304 1493 1349 1529 et
1370 1483 1418 1529 in
1443 1493 1571 1529 tanta
1593 1483 1785 1530 heremo

374 1564 462 1610 sub
487 1581 691 1628 paupere
713 1564 810 1607 vita
834 1562 932 1609 Deo
955 1579 1044 1625 pro
1069 1579 1202 1625 posse
1228 1578 1312 1608 suo
1338 1560 1708 1607 famulabantur.

440 1643 551 1689 Post
580 1641 764 1704 aliquot
792 1640 1021 1703 temporis
1043 1638 1348 1695 Willermus‚
1378 1639 1460 1684 ubi
1490 1648 1596 1685 vota
1632 1655 1786 1702 nepo-

379 1730 481 1765 tum
504 1734 700 1764 suorum
719 1716 775 1763 de
796 1714 1137 1772 construenda,
1162 1727 1215 1760 ut
1238 1714 1543 1779 praediximus
1557 1750 1568 1770 ‚
1600 1713 1787 1760 abbatia

378 1796 644 1859 comperit,
682 1793 873 1839 accessit
903 1792 959 1837 ad
990 1809 1091 1848 eos,
1124 1802 1171 1838 et
1199 1790 1351 1837 dixit:
1380 1790 1582 1837 Gaudeo
1616 1791 1783 1848 valde,

379 1874 618 1920 carissimi
654 1874 768 1928 mei,
799 1870 929 1934 quod
962 1870 1089 1916 Deus
1126 1871 1426 1934 omnipotens
1464 1868 1603 1915 cordi
1635 1880 1786 1914 vestro

380 1951 616 2015 inspirare
646 1949 877 2012 dignatas
908 1958 977 1993 est
1019 1957 1068 1992 ut
1099 1947 1148 1992 in
1187 1948 1337 2011 ipsias
1369 1948 1560 1992 nomiae
1594 1947 1784 1991 domam

362 2027 641 2091 jabricetis.
672 2025 772 2072 Sed
799 2025 971 2071 videtis
1002 2025 1119 2087 qaia
1151 2024 1283 2070 locus
1316 2024 1427 2080 iste,
1465 2023 1547 2069 abi
1576 2024 1786 2088 coepistis

380 2104 626 2165 (ra'ifi'care
639 2141 654 2160 ,
693 2102 986 2149 habitationi
1017 2101 1362 2147 monachorum
1394 2112 1537 2166 aplus
1571 2118 1663 2145 non
1695 2113 1783 2155 esc,

381 2185 498 2248 qaia
514 2182 690 2228 ibidem
703 2199 835 2245 aqua
849 2180 996 2237 deest,
1016 2191 1058 2225 et
1074 2198 1239 2225 nemas
1257 2180 1396 2243 longe
1412 2179 1552 2240 est(2)
1563 2213 1572 2222 .
1595 2177 1785 2222 Certum

426 2383 475 2428 (1)
501 2381 564 2417 On
593 2393 696 2415 verra
721 2393 786 2427 par
818 2380 850 2414 la
869 2380 960 2413 suite
978 2379 1022 2412 de
1047 2385 1143 2412 cette
1171 2378 1323 2411 histoire
1351 2388 1421 2423 que
1446 2376 1479 2410 le
1498 2375 1707 2422 pele1·inage
1725 2374 1787 2408 des

382 2441 491 2475 saints
510 2440 607 2474 lieux
632 2440 720 2474 etait
738 2439 830 2473 aussi
849 2438 1020 2484 frequent
1037 2437 1122 2471 chez
1149 2435 1198 2469 les
1217 2434 1422 2469 Norinands
1441 2447 1486 2467 au
1506 2442 1551 2467 ΧΠ
1570 2432 1696 2475 siecle,
1717 2444 1787 2479 que

382 2500 475 2535 ‹zelui
495 2500 539 2534 de
557 2499 674 2534 ‚Rome
694 2499 780 2533 chez
799 2499 848 2532 les
866 2498 1144 2544 Auglo-Saxons
1163 2508 1207 2528 au
1226 2502 1313 2528 ww.

428 2560 478 2604 (2)
500 2562 547 2594 Le
564 2560 746 2605 voisinage
763 2558 825 2593 des
847 2558 958 2592 forets
976 2557 1064 2591 emit
1083 2555 1319 2590 doubleineut
1337 2552 1601 2600 indispensable
1624 2564 1693 2585 aux
1710 2554 1785 2585 e'ta-

382 2617 608 2652 hlissements
627 2617 894 2664 monastiques,
915 2619 931 2650 a
958 2629 1064 2650 cause
1091 2615 1153 2649 des
1180 2625 1382 2649 ressources
1410 2612 1515 2660 qu'ils
1542 2624 1563 2657 y
1583 2609 1786 2644 trouvaient

385 2684 460 2710 tant
484 2689 577 2723 pour
598 2677 674 2711 leur
696 2676 883 2723 chausfage
897 2705 905 2721 ‚
925 2689 997 2724 que
1017 2688 1108 2722 pour
1128 2674 1158 2707 la
1182 2674 1394 2708 nourriture
1417 2672 1461 2705 de
1480 2671 1574 2704 leurs
1595 2670 1785 2704 immensos

383 2743 583 2782 trompeaux
603 2736 646 2769 do
666 2748 783 2781 por-cs.
