1951 3194
374 286 427 324 30
675 283 917 322 HISTORIA
947 281 1349 321 ECCLESIASTICA.
1393 287 1513 334 [emeli
1532 285 1783 339 1040-1050]

377 382 482 411 mus
506 373 552 411 et
576 363 803 410 Radulfus
827 362 921 408 orti
944 371 1080 417 sunt,
1107 361 1188 425 qui
1214 365 1518 425 postmodum
1541 365 1591 412 in
1615 366 1782 431 Apulia

378 454 426 490 et
470 441 627 489 Sicilia
668 439 967 488 Rodbertum
1004 439 1308 487 VViscardum
1347 442 1574 490 Calabriae
1617 443 1786 492 ducem

376 521 584 567 multum
610 522 856 583 juverunt.
894 516 1074 564 Deinde
1110 517 1305 564 Hadvisa
1338 520 1508 567 sociata
1546 532 1616 568 est
1651 521 1789 568 Rod-

380 597 520 645 berto
548 595 606 642 de
639 594 1083 651 Grentemaisnilio,
1116 611 1222 659 quae
1255 595 1440 659 peperit
1467 597 1509 642 ei
1537 599 1789 663 Hugonem

381 685 428 722 et
452 672 753 721 Rodbertum
775 682 822 719 et
846 672 1110 718 Ernaldum
1131 682 1178 719 et
1204 673 1402 720 totidem
1427 674 1544 721 filias
1565 678 1656 740 (1).
1682 678 1790 738 Quo

381 753 636 807 defuncto,
662 751 915 813 conjuncta
939 761 1007 797 est
1031 750 1287 798 VVillermo
1304 752 1531 800 Rodberti
1555 753 1793 819 archiepi-

382 829 512 893 scopi
539 827 640 874 filio
664 827 763 891 (2),
789 837 836 874 et
857 827 1042 891 peperit
1068 827 1107 874 ei
1137 827 1328 885 Judith,
1355 847 1462 894 quae
1484 831 1794 896 postmodum

382 906 572 971 Rogerii
601 905 788 952 comitis
810 905 981 951 Siciliae
1002 906 1171 968 conjux
1196 904 1306 952 fuit.
1334 908 1494 953 Tertia
1516 908 1677 956 Geroii
1700 909 1795 955 filia

385 985 481 1032 fuit
505 985 673 1030 Emma
689 1019 703 1041 ,
731 1001 838 1048 quae
865 982 969 1029 data
994 992 1062 1030 est
1083 985 1287 1047 Rogerio
1311 984 1368 1031 de
1391 985 1596 1042 Merula3
1624 1004 1681 1033 ex
1702 1004 1795 1051 qua

385 1062 623 1110 Rodulfus
634 1097 648 1120 ,
676 1073 723 1108 et
739 1061 1022 1108 &Villermus
1042 1060 1228 1107 Rodulfi
1247 1072 1293 1108 et
1313 1063 1506 1127 Rogerii
1524 1063 1796 1110 vicinorum

387 1151 667 1189 nostrorum
686 1149 835 1204 pater,
865 1139 960 1185 orti
979 1148 1106 1185 sunt.
1128 1140 1307 1202 Quarta
1327 1139 1510 1186 Adelais
1533 1141 1705 1187 sociata
1730 1150 1800 1187 est

389 1218 632 1266 Salomoni
661 1216 718 1264 de
746 1214 956 1264 Sabloilo
985 1217 1079 1280 (3),
1108 1217 1242 1282 eique
1271 1220 1455 1281 peperit
1482 1219 1796 1275 Rainaldum‚

390 1299 521 1360 cujus
545 1295 701 1360 proles
723 1296 921 1342 nomine
943 1294 1174 1341 Lisiardus
1198 1313 1328 1341 nunc
1351 1296 1559 1343 Henrico
1580 1297 1679 1360 regi
1699 1296 1800 1342 An-

387 1376 578 1440 glorum
617 1373 793 1438 grande
835 1383 1028 1437 praestat
1065 1373 1113 1419 in
1154 1372 1508 1437 Andegavenses
1549 1374 1796 1420 auxilium.

388 1457 502 1501 Haec
526 1453 583 1500 de
616 1452 850 1500 Geroiana
883 1452 1109 1517 progenie
1139 1451 1306 1500 dixisse
1338 1454 1548 1500 sufficiat.
1582 1454 1722 1500 Nunc
1744 1453 1802 1498 ad

390 1530 664 1586 materiam,
698 1529 825 1576 unde
848 1529 1184 1594 aliquantisper
1212 1529 1404 1595 digressi
1428 1548 1611 1588 sumuS,
1640 1530 1803 1578 redea-

391 1626 516 1655 mus.

457 1687 513 1732 In
536 1685 694 1750 primo
718 1702 871 1742 anno,
899 1702 996 1750 quo
1019 1685 1254 1732 Uticensis
1281 1684 1465 1732 abbatia
1489 1684 1682 1733 fundata
1707 1695 1800 1742 est,

393 1764 677 1810 Willermus
701 1772 747 1809 et
773 1762 1041 1810 Rodbertus
1057 1762 1140 1809 filii
1161 1762 1321 1810 Geroii
1338 1799 1351 1820 ,
1375 1774 1422 1810 et
1444 1765 1582 1827 Hugo
1602 1773 1649 1811 et
1670 1764 1805 1810 Rod-

393 1841 557 1888 bertus
578 1850 774 1904 nepotes
802 1857 994 1899 eorum,
1021 1858 1128 1886 cum
1152 1840 1259 1886 filiis
1291 1851 1336 1887 et
1365 1840 1617 1904 nepotibus
1646 1850 1692 1888 et
1715 1840 1805 1886 ba-

395 1918 596 1965 ronibus
622 1918 714 1963 suis
737 1918 861 1981 apud
884 1918 1078 1964 Uticum
1103 1918 1372 1982 congregati
1397 1928 1508 1964 sunt
1517 1937 1530 1974 ;
1559 1927 1606 1964 et
1628 1917 1685 1964 de
1710 1918 1806 1964 uti-

396 1998 528 2043 litate
557 1995 687 2042 rudis
719 1995 932 2042 coenobii
963 1996 1092 2061 quod
1125 1996 1485 2054 inchoaverant,
1521 2007 1802 2053 tractantes,

400 2074 720 2122 communiter
759 2084 1028 2121 statuerunt
1069 2084 1123 2120 ut
1155 2075 1353 2140 quisque
1394 2092 1490 2122 sese
1526 2092 1634 2120 cum
1673 2075 1805 2121 omni

398 2163 531 2216 parte
556 2150 830 2197 substantiae
854 2169 950 2197 suae
975 2162 1137 2198 sancto
1165 2152 1365 2199 Ebrulfo
1390 2153 1439 2198 in
1464 2152 1559 2199 fine
1583 2170 1668 2199 suo
1693 2170 1806 2199 con-

448 2314 499 2358 (1)
520 2311 549 2345 11
568 2312 660 2346 n'cst
678 2312 795 2346 arrive
814 2314 833 2345 ἐι
851 2319 956 2347 notre
979 2314 1232 2349 connaissance
1250 2327 1321 2362 que
1340 2315 1373 2349 le
1391 2327 1477 2349 nom
1504 2314 1549 2349 de
1568 2315 1663 2350 deux
1683 2315 1728 2350 de
1751 2328 1808 2351 ces

406 2373 494 2407 {illes
509 2372 553 2406 de
579 2371 719 2405 Robcrt
736 2371 780 2404 dc
799 2372 1071 2407 Grentemesnil
1089 2380 1125 2407 ct
1143 2373 1337 2408 d’Hadvise
1351 2373 1491 2417 Giroie,
1513 2375 1629 2409 savoir
1648 2390 1654 2409 :
1672 2375 1806 2422 Agnes,

404 2434 536 2467 somme
566 2430 610 2464 de
639 2430 781 2464 Robert
800 2429 844 2463 dc
867 2431 1271 2476 Moulins-la-Marche,
1293 2439 1329 2467 οἵ
1346 2433 1512 2477 Adclise,
1535 2433 1668 2469 femme
1691 2434 1811 2469 d’On-

404 2493 471 2526 froi
491 2495 541 2524 du
560 2489 899 2535 Tilleul-en-Auge.

451 2553 501 2596 (ιι)
527 2549 756 2591 Guillaumc,
793 2549 976 2584 [roisiemc
1004 2550 1057 2584 fils
1082 2550 1126 2586 de
1141 2550 1393 2598 l'archcchue
1413 2551 1575 2596 Robert,
1596 2558 1714 2586 comte
1728 2542 1811 2586 d⁷E-

406 2622 528 2643 ’.π-ουκ.

453 2669 501 2714 (5,
516 2667 632 2709 sablo,
646 2667 955 2703 arrondissement
970 2667 1015 2703 de
1028 2669 1076 2703 La
1093 2669 1239 2705 Flcchc.
1254 2669 1396 2705 Lisiard
1409 2669 1454 2704 de
1468 2669 1573 2705 Sable
1590 2670 1646 2704 sut
1665 2682 1710 2703 en
1727 2669 1811 2704 effet

409 2732 483 2763 'Eun
515 2727 576 2760 dcs
611 2727 775 2761 concinis
802 2726 852 2761 les
887 2727 968 2773 plus
995 2735 1177 2763 constants
1209 2729 1254 2763 dc
1281 2729 1443 2765 Geoffroi
1476 2728 1722 2773 Plantagcnot.
1766 2729 1811 2762 La

407 2787 614 2831 ;‹'»111'*nlogi0
635 2786 695 2819 ὡς
715 2786 900 2831 scigucnvs
915 2786 959 2819 de
978 2794 1071 2822 cette
1086 2788 1168 2822 villo
1192 2795 1246 2823 cst
1262 2789 1333 2822 sort
1354 2786 1601 2822 embrouillce.
