1951 3194
398 315 475 354 232
759 311 1002 350 HISTORIA
1033 309 1439 349 ECCLESIASTICA.
1538 313 1808 363 [1070-1079]

398 413 519 459 quas
555 395 745 440 Croesus
779 403 822 437 et
858 391 1234 457 Sardanapallus
1263 392 1405 438 nimis
1430 404 1733 449 amaverunt,
1768 404 1811 438 et

392 472 702 539 postmodum
737 473 904 516 misere
931 480 1182 534 pereuntes
1213 468 1426 515 hostibus
1456 471 1556 515 suis
1589 470 1812 516 deserue-

397 563 521 597 runt.
552 549 766 595 Christus
791 548 918 593 enim
934 558 1110 611 pastor
1135 545 1285 592 bonus
1310 562 1386 591 voe
1411 545 1634 592 divitibus
1666 546 1810 610 hujus

396 628 567 674 mundi
590 629 819 683 minatur,
853 626 938 689 qui
960 624 1285 689 voluptatibus
1313 624 1454 669 vanis
1487 635 1530 669 et
1560 624 1810 686 superfluis

395 708 470 753 hie
478 703 809 771 perfruuntur.
829 703 1133 768 Pauperibus
1148 719 1261 748 vero
1275 702 1447 766 spiritu
1459 701 1694 766 promittit
1708 700 1813 746 bea-

397 774 648 830 titudinem
669 785 719 828 z'n
736 799 883 846 regno
902 781 1156 835 eoelorum,·
1176 798 1321 843 quam
1340 779 1475 825 nohis
1493 779 1572 825 det
1591 781 1710 844 ipse,
1731 781 1815 842 qui

395 864 510 910 ‘m'vc't
528 873 571 908 et
592 871 762 926 regnat
776 878 867 925 per
884 861 1048 906 omnia
1070 859 1255 905 seecula
1276 858 1581 905 saeculorum.
1609 859 1778 903 Amen.

462 939 731 986 Admiratus
755 956 837 984 rex
864 955 970 982 cum
998 935 1275 1000 proceribus
1300 936 1392 981 suis
1425 935 1619 1000 insignis
1646 952 1814 981 mona·

397 1019 470 1064 chi
490 1018 824 1071 constantiam,
847 1015 1043 1079 supplex
1058 1032 1109 1059 ac
1126 1014 1323 1060 devotus
1340 1012 1572 1078 impendit
1591 1013 1631 1059 ei
1651 1011 1816 1058 decen-

399 1108 493 1143 tem
530 1094 865 1148 reverentiam,
910 1102 956 1138 et
993 1101 1320 1154 competenter
1359 1091 1649 1138 honoratum
1678 1089 1817 1153 jussit

398 1191 505 1221 eum
534 1188 743 1218 remeare
769 1170 818 1215 in
844 1168 1140 1226 Neustriam,
1172 1166 1332 1232 ibique
1362 1184 1458 1232 quo
1491 1167 1658 1221 vellet,
1686 1183 1816 1211 suam

396 1250 661 1315 praestolari
702 1246 1021 1311 praesentiam.
1064 1245 1299 1291 Auditum
1335 1256 1403 1291 est
1444 1244 1642 1308 passim,
1681 1253 1817 1307 post-

397 1347 541 1394 quam
565 1326 889 1374 Guitmundus
923 1326 979 1370 ad
1004 1335 1130 1388 septa
1161 1324 1438 1370 monasterii
1469 1323 1537 1368 sui
1562 1322 1814 1375 remeavit,

397 1405 526 1472 quod
561 1406 657 1469 ipse
690 1401 1009 1450 monachilem
1046 1402 1320 1465 pauperiem
1355 1400 1532 1446 divitiis
1568 1399 1818 1462 episcopo-

398 1501 507 1529 rum
530 1481 868 1546 praeposuerit,
898 1490 945 1526 et
974 1479 1102 1544 quod
1129 1478 1382 1525 obtentum
1416 1477 1598 1540 Angliae
1631 1477 1680 1522 in
1712 1493 1817 1539 pre-

400 1562 545 1608 sentia
582 1560 703 1623 regis
729 1570 774 1605 et
805 1558 1092 1621 optimatum
1118 1559 1214 1620 ejus
1240 1556 1453 1620 rapinam
1484 1553 1815 1618 appellaverit,

400 1650 446 1686 et
484 1637 614 1703 quod
651 1653 817 1683 omnes
860 1635 1104 1698 episcopos
1143 1633 1216 1679 vel
1264 1631 1476 1687 abbates,
1521 1631 1602 1696 qui
1644 1630 1818 1677 nolen-

385 1717 527 1763 >tibus
555 1715 719 1779 Anglis
745 1715 791 1759 in
828 1713 1031 1759 ecclesiis
1061 1712 1245 1775 Angliae
1277 1710 1458 1775 praelati
1501 1720 1638 1765 sunt,
1678 1725 1816 1772 rapa—

401 1796 555 1841 citatis
594 1792 905 1857 redarguerit.
945 1789 1101 1837 Verba
1145 1790 1289 1853 igitur
1337 1790 1433 1851 ejus
1474 1804 1557 1851 per
1598 1785 1819 1850 Angliam

401 1875 494 1920 late
542 1872 778 1934 divulgata
824 1879 935 1915 sunt
956 1905 967 1923 ,
1014 1878 1060 1914 et
1107 1867 1346 1912 subtiliter
1394 1858 1617 1911 'ventilata
1657 1863 1820 1909 multis

402 1952 749 2015 displicuerunt
766 1985 777 2004 ,
806 1949 888 2013 qui
924 1964 1139 2011 sequaces
1165 1947 1262 2009 ejus
1286 1961 1380 1991 esse
1400 1952 1674 2007 spernent-es
1699 1957 1821 1989 con-

404 2042 474 2076 tra
505 2047 613 2076 eum
643 2026 823 2090 ingenti
850 2025 999 2072 livore
1028 2032 1319 2070 exarserunt.
1358 2021 1467 2067 Non
1499 2019 1653 2067 multo
1679 2029 1816 2082 post,

403 2106 631 2153 defuncto
684 2103 901 2149 Johanne
953 2100 1376 2163 Rotomagensium
1425 2096 1778 2160 archiepiscopo
1803 2130 1815 2149 ,

405 2203 487 2231 rex
518 2193 565 2229 et
598 2181 674 2226 alii
709 2180 867 2243 plures
900 2175 1253 2223 Guitmundum
1281 2177 1337 2222 ad
1366 2174 1820 2237 archiepiscopatum

406 2263 679 2326 elegerunt3
721 2258 798 2304 sed
834 2256 991 2303 eemuli
1035 2258 1164 2320 ejus,
1208 2271 1326 2318 quos
1361 2253 1484 2299 idem
1516 2252 1820 2314 vituperave-

405 2350 502 2396 rat,
531 2356 590 2385 ne
613 2334 919 2398 archipraesul
951 2333 1085 2379 fieret
1114 2341 1346 2396 quantum
1373 2338 1636 2393 potuerunt
1667 2327 1820 2390 impc-

406 2419 616 2464 dieruut.
652 2416 706 2460 ln
736 2422 870 2458 tanto
906 2412 1009 2456 viro
1043 2409 1111 2456 nil
1143 2406 1467 2472 objiciendum
1501 2407 1817 2460 invenerunt,

406 2497 493 2543 nisi
530 2493 660 2559 quod
684 2491 808 2538 filius
834 2499 950 2537 esset
973 2487 1258 2553 presbyteri.
1290 2486 1371 2533 llle
1404 2497 1563 2532 autem
1598 2482 1656 2530 ab
1688 2484 1819 2530 omni

408 2574 600 2621 avaritia
634 2569 821 2635 purgari
861 2568 1050 2623 volens,
1087 2578 1129 2613 et
1170 2567 1293 2611 inter
1328 2576 1512 2611 exteros
1549 2570 1821 2626 paupertate

407 2651 584 2715 premi,
620 2666 759 2713 quam
796 2647 920 2692 inter
946 2662 1053 2690 suos
1085 2643 1394 2690 dissensiones
1424 2641 1583 2687 fovere
1610 2638 1816 2691 malens,

412 2727 660 2773 Odiloucm
690 2722 961 2770 monasterii
984 2722 1051 2767 sui
1078 2719 1292 2766 abbatem
1320 2726 1594 2764 reverenter
1613 2713 1749 2769 adiit,
1775 2725 1820 2759 et

414 2804 654 2850 humiliis-1·
687 2800 743 2846 al)
782 2801 862 2844 illo
887 2799 1124 2844 licentiam
1152 2793 1477 2860 peregrinandi
1505 2792 1639 2855 petiit
1671 2803 1716 2837 (τί,
1746 2809 1818 2835 ar-
