1951 3194
354 302 405 340 24
650 301 894 340 HISTORIA
926 302 1330 341 ECCLESIASTICA.
1382 306 1768 356 [menotio-1035]

352 382 552 437 amavit,
591 392 638 428 et
671 382 929 428 Ecclesiam
965 382 1088 444 ejus,
1126 381 1405 447 cultumque
1443 394 1488 431 et
1525 384 1770 431 ministros

353 458 520 505 coluit.
557 459 646 505 Sex
681 460 730 504 in
766 459 963 504 nomine
997 458 1191 505 Domini
1225 458 1436 507 basilicas
1471 460 1528 508 de
1561 462 1771 525 propriis

350 535 656 582 facultatibus
669 535 937 582 aedificavit.
952 535 1070 582 Nam
1087 536 1211 600 apud
1224 537 1484 585 Vernucias
1503 539 1772 586 construxit

350 614 463 660 duas
479 613 708 660 ecclesias:
727 631 872 659 unam
884 624 1058 661 sanctae
1075 615 1157 661 Dei
1174 615 1394 679 genitrici
1410 616 1572 662 Mariae
1584 652 1597 673 ‚
1616 616 1773 662 aliam—

350 709 444 756 que
468 701 632 737 sancto
650 691 796 737 Paulo
818 691 1006 739 doctori
1028 692 1262 757 gentium.
1292 694 1345 739 In
1366 693 1495 752 villa,
1521 711 1628 758 quae
1653 694 1771 741 Gloz

349 769 544 825 dicitur,
582 768 630 814 in
664 787 782 833 pago
819 771 1097 818 Lexoviensi
1135 772 1326 817 tertiam
1360 771 1575 819 condidit
1609 782 1772 819 sancto

348 847 492 893 Petro
509 847 838 910 apostolorum
854 849 1085 912 principi3
1105 848 1228 912 apud
1246 849 1537 896 Escalfoium
1553 860 1771 914 quartam

348 924 555 971 Andreae
576 925 793 989 apostolo
805 945 817 983 ;
836 926 960 990 apud
973 927 1367 975 illonasteriolum
1388 928 1606 992 quintam
1625 927 1771 974 fabri-

351 1002 473 1047 cavit
503 1001 551 1047 S.
581 1000 787 1066 Georgio
818 1004 1047 1068 martyri3
1078 1004 1203 1068 apud
1226 1003 1570 1067 Altam-ripam
1594 1014 1772 1051 sextam

349 1080 631 1125 instauravit
655 1091 817 1127 sancto
841 1081 1053 1129 Martino
1075 1081 1334 1130 confessori
1358 1082 1451 1145 (1).
1475 1080 1669 1127 Talibus
1692 1100 1772 1145 pa-

349 1158 503 1203 tronis
528 1157 946 1217 subvenientibus,
974 1170 1021 1206 et
1046 1161 1092 1206 in
1119 1159 1209 1206 hoc
1234 1160 1407 1206 saeculo
1425 1159 1682 1223 praedietus
1700 1159 1775 1205 vir

349 1233 432 1279 diu
456 1234 720 1281 honorifice
751 1236 871 1281 vixit
889 1273 901 1293 ‚
940 1247 986 1283 et
1011 1236 1265 1283 defunctus
1294 1254 1460 1283 eorum
1483 1236 1665 1283 meritis
1689 1253 1772 1282 ve-

348 1312 479 1357 niam
513 1314 873 1376 peccaminum,
913 1324 960 1361 et
996 1314 1182 1362 beatam
1218 1315 1432 1380 requiem
1467 1314 1515 1360 in
1553 1315 1774 1361 societate

350 1387 563 1435 fidelium
588 1400 642 1434 ut
669 1389 904 1436 credimus
931 1390 1162 1438 obtinuit.

415 1466 656 1513 Defuncto
687 1479 845 1514 autem
878 1467 1081 1525 Geroio,
1120 1470 1203 1515 filii
1239 1472 1335 1534 ejus
1364 1470 1411 1515 in
1439 1469 1610 1534 puerili
1637 1479 1774 1517 aetate

352 1545 603 1590 constituti
642 1557 807 1601 erant,
853 1547 1036 1610 solique
1075 1546 1170 1593 duo
1209 1547 1444 1593 Ernaldus
1485 1557 1531 1593 et
1569 1547 1775 1594 Willer-

349 1638 455 1666 mus
488 1622 661 1668 milites
688 1633 840 1669 erant.
870 1622 1163 1670 Gislebertus
1197 1641 1311 1689 ergo
1344 1642 1501 1671 comcs
1528 1625 1772 1671 Brionniae

352 1700 401 1744 in
436 1717 515 1745 sua
553 1699 796 1747 considens
828 1702 1005 1748 virtute
1025 1738 1037 1758 ‚
1072 1703 1400 1767 terminosque
1436 1719 1544 1749 suos
1580 1702 1774 1766 cupiens

350 1776 574 1833 dilatare,
617 1795 757 1841 super
788 1779 996 1843 pupillos
1033 1797 1141 1826 cum
1178 1780 1327 1826 valida
1369 1798 1515 1826 manu
1555 1780 1774 1827 audacter

350 1854 494 1899 irruit
512 1890 522 1908 ‚
551 1855 709 1919 eisque
734 1857 1101 1903 Monsteriolum
1128 1857 1314 1905 auferre
1337 1857 1506 1904 bellica
1530 1858 1575 1903 vi
1601 1856 1770 1904 voluit.

352 1931 425 1977 Illi
447 1942 622 1987 autem,
642 1945 884 1999 aggregata
902 1947 1214 1999 cognatorum
1229 1947 1275 1982 et
1294 1935 1550 1982 satellitum
1568 1945 1770 1989 caterva,

351 2010 399 2055 in
433 2021 598 2074 aperto
625 2029 792 2076 campo
826 2012 1020 2059 fortiter
1046 2013 1198 2060 eidem
1231 2014 1535 2068 restiterunt,
1571 2029 1773 2076 eumque

351 2088 503 2133 multa
527 2100 680 2153 strage
695 2101 883 2153 peracta
903 2091 1082 2136 victum
1104 2092 1151 2137 in
1172 2091 1331 2156 fugam
1352 2100 1609 2156 coegerunt
1626 2109 1638 2146 3
1661 2106 1774 2136 sese-

353 2181 446 2227 que
466 2165 744 2212 ulciscentes
769 2166 1004 2231 burgum,
1032 2168 1114 2232 qui
1142 2168 1323 2231 Sappus
1354 2168 1424 2230 (2)
1452 2166 1644 2222 dicitur,
1672 2182 1772 2212 non

400 2330 450 2374 (ι)
478 2330 629 2376 L'eglisc
659 2330 867 2376 paroissiale
896 2330 940 2364 de
972 2332 1182 2367 Yerncuccs
1210 2338 1265 2365 est
1291 2342 1422 2364 encore
1445 2329 1574 2363 dedice
1591 2331 1611 2363 ἐι
1641 2329 1773 2365 Notre-

354 2389 486 2432 Daune,
511 2396 548 2424 et
569 2396 664 2424 cette
683 2402 878 2424 commune
904 2390 1118 2425 renferniait
1148 2403 1220 2424 une
1247 2390 1361 2436 eglise
1391 2389 1436 2424 de
1465 2389 1679 2424 saint-Paul
1706 2389 1771 2425 de-

354 2450 469 2484 truite
486 2452 725 2484 recennnent.
746 2450 838 2485 Glos
858 2462 940 2484 sous
956 2451 1100 2485 Lisienx
1119 2464 1135 2484 a
1156 2463 1249 2496 pour
1275 2458 1406 2496 patron
1428 2451 1521 2484 saint
1539 2449 1681 2496 Sylvain
1694 2477 1702 2492 ‚
1729 2449 1773 2484 de

356 2518 453 2544 sorte
485 2522 557 2557 que
586 2510 724 2556 l’eglise
749 2510 846 2544 batie
872 2523 937 2557 par
967 2511 1097 2545 Giroie
1123 2524 1168 2545 en
1189 2511 1386 2545 l'lionncur
1406 2510 1451 2544 de
1471 2511 1566 2546 saint
1583 2511 1708 2544 Pierre
1727 2522 1773 2544 ne

356 2569 476 2603 devait
501 2570 577 2604 &tre
606 2570 741 2617 qu’une
760 2570 936 2617 chapelle.
960 2571 1024 2605 Les
1053 2577 1174 2605 autres
1204 2571 1334 2616 eglises
1355 2571 1604 2605 mentionnees
1622 2569 1711 2603 dans
1733 2581 1773 2604 ce

356 2629 585 2675 paragrapho
603 2636 684 2663 sont
705 2629 809 2663 celles
829 2630 873 2663 de
898 2630 1187 2677 Saint-Georges
1212 2630 1257 2664 (le
1278 2630 1477 2665 Montreuil
1496 2628 1705 2676 l’Argsshev,
1727 2628 1772 2663 de

357 2687 619 2722 &aiut-Andro
648 2681 894 2724 ‹l'Echausour
926 2697 961 2723 ct
997 2690 1042 2723 de
1077 2689 1353 2724 Saint-Martin
1387 2689 1432 2724 de
1463 2687 1660 2724 flautei-ive
1690 2689 1771 2734 pres

358 2745 532 2779 Mem—on.

405 2806 452 2844 Ἦ)
475 2806 517 2839 [Λᾶ
537 2807 623 2849 5³1».
647 2807 763 2851 bum-g
785 2809 898 2843 voisin
917 2809 960 2843 dc
981 2809 1178 2843 Montrcnil
1197 2816 1233 2844 ct
1250 2809 1294 2844 dc
1314 2799 1596 2844 Saint-Evroult.
