1951 3194
438 254 517 290 202
804 249 1049 288 HISTORIA
1080 248 1484 288 ECCLESIASTICA.

439 346 570 394 reges
595 329 841 375 Danorum
864 327 1060 392 Oskytel
1087 338 1132 374 et
1158 327 1394 386 Gudrum,
1421 329 1639 376 Hamund
1661 340 1708 377 et
1730 329 1857 376 Half-

439 407 676 471 (lene(1)‚
711 408 881 471 lnguar
903 416 950 452 et
977 404 1149 452 Hubba
1180 423 1289 452 cum
1321 408 1489 453 turmis
1519 409 1614 455 suis
1638 408 1858 474 Angliam

440 488 740 541 invaserunt,
764 484 978 531 ecclesias
1001 483 1349 531 monachorum
1370 494 1416 531 et
1437 485 1719 532 clericorum
1744 504 1858 534 con-

440 571 797 616 cremaverunt,
839 560 1168 625 populumque
1208 560 1291 606 Dei
1335 571 1389 607 ut
1427 560 1644 609 bidentes
1681 573 1859 609 macta-

441 649 627 686 verunt.

506 718 617 763 Post
651 716 834 781 aliquot
861 733 1010 762 annos
1040 715 1260 763 Elfredus
1291 716 1613 765 Gewissorum
1652 735 1733 765 rex
1757 718 1857 782 (2),

443 794 566 841 filius
591 793 824 840 Edelvulfi
847 794 969 858 regis
988 829 1000 849 ,
1035 794 1082 839 in
1115 811 1319 857 paganos
1350 796 1585 854 surrexit,
1614 806 1660 843 et
1684 796 1862 842 virtute

443 872 526 919 Dei
568 872 722 918 hostes
757 880 838 916 aut
874 872 1075 935 peremit
1114 882 1195 916 aut
1226 872 1409 935 expulit
1448 883 1529 918 aut
1564 873 1774 938 subegit,
1814 883 1862 920 et

441 950 623 1012 primus
664 949 883 995 omnium
918 964 1085 1012 regum
1130 948 1455 994 monarchiam
1496 951 1641 997 totius
1676 949 1862 1014 Angliae

443 1026 568 1072 solus
595 1025 824 1073 obtinuit.
854 1024 1096 1072 Probitate
1116 1037 1162 1071 et
1187 1025 1468 1073 liberalitate
1491 1063 1502 1083 ,
1546 1026 1862 1093 laudabilique

444 1103 743 1168 providentia
769 1121 934 1150 omnes
958 1102 1143 1168 Angliae
1172 1121 1302 1168 reges
1330 1104 1649 1168 praecedentes
1681 1117 1725 1153 et
1750 1105 1864 1151 sub-

443 1192 690 1247 sequentes
716 1182 735 1245 (
749 1192 800 1227 ut
827 1181 965 1244 reor)
991 1181 1205 1238 excellit,
1237 1182 1468 1247 annisque
1500 1200 1620 1230 xxlx
1649 1182 1864 1229 laudabi—

444 1262 553 1308 liter
580 1262 627 1307 in
653 1279 801 1326 regno
825 1261 1027 1325 peractis
1054 1260 1278 1307 Eduardo
1302 1262 1477 1308 seniori
1503 1261 1603 1309 filio
1629 1279 1714 1308 suo
1733 1279 1865 1326 scep-

446 1351 514 1386 tra
541 1340 734 1405 reliquit
756 1340 843 1403 (3).
866 1339 1117 1386 Pacificato
1143 1339 1300 1404 itaque
1325 1340 1458 1404 regni
1486 1350 1633 1397 statu,
1659 1340 1864 1404 religiosi

447 1419 686 1483 principes
717 1429 763 1464 et
795 1417 1002 1482 episcopi
1032 1416 1255 1463 coenobia
1285 1418 1459 1463 iterum
1491 1427 1744 1481 coeperunt
1769 1434 1867 1464 res-

450 1508 651 1542 taurare.
681 1496 745 1541 Et
767 1495 880 1560 quia
911 1511 1076 1541 omncs
1102 1494 1324 1541 monachi
1359 1495 1506 1541 totius
1537 1493 1754 1541 Albionis
1779 1511 1867 1559 pe—

447 1575 619 1638 rempti
646 1574 837 1619 fuerant
863 1585 944 1618 aut
967 1573 1114 1637 fugati
1143 1572 1409 1637 supradicta
1437 1571 1567 1619 rabie
1587 1573 1864 1637 gentilium,

451 1653 684 1698 miserunt
710 1651 948 1715 egregium
969 1652 1195 1714 juvenem
1218 1651 1469 1697 Osvaldum
1495 1650 1551 1696 ad
1570 1651 1868 1698 Floriacense

453 1730 731 1777 coenobium
748 1766 760 1786 ‚
788 1729 917 1794 quod
943 1731 988 1775 in
1015 1729 1163 1775 Gallia
1189 1729 1498 1776 Leodebodus
1518 1729 1868 1776 Aurelianensis

452 1807 723 1854 construxit
760 1824 898 1870 supra
935 1806 1142 1871 Ligerim
1175 1806 1376 1852 fluvium
1418 1817 1630 1871 tempore
1662 1806 1870 1854 Lodovei

456 1886 538 1932 filii
564 1884 818 1950 Dagoberli
848 1885 969 1950 regis
994 1885 1288 1932 Francorum
1311 1885 1404 1948 (4).
1435 1886 1585 1931 Locus
1617 1884 1693 1931 ille
1717 1884 1874 1932 admo-

455 1964 569 2010 dum
595 1962 876 2010 venerabilis
908 1973 978 2010 est
1007 1962 1188 2010 ossibus
1214 1964 1362 2009 sancti
1388 1964 1625 2010 Benedicti
1658 1963 1801 2027 patris
1827 1973 1873 2009 et

456 2041 665 2106 magistri
709 2038 1056 2086 monachorum
1076 2075 1088 2096 ,
1137 2058 1245 2105 quae
1287 2039 1504 2104 Aigulfus
1552 2039 1812 2087 monachus
1849 2057 1873 2084 a

457 2118 728 2164 Mummolo
773 2116 941 2164 abbate
984 2117 1243 2163 destinatus
1278 2117 1334 2163 de
1380 2118 1710 2164 Beneventana
1753 2133 1873 2179 pro-

507 2289 557 2329 (ι)
585 2285 683 2319 Lisez
703 2300 708 2318 2
731 2283 913 2330 Oskytul,
934 2284 1131 2328 Gothrun,
1153 2285 1302 2320 Amnnd
1316 2314 1324 2329 ‚
1346 2285 1542 2328 Halsdcne,
1562 2286 1710 2332 Inguar‚
1730 2285 1851 2320 Ubbo.

507 2347 556 2390 (2)
580 2343 937 2388 Alsred—le-Grand,
964 2344 1116 2379 d'abord
1145 2346 1200 2379 roi
1222 2345 1267 2379 de
1295 2345 1328 2379 la
1347 2347 1459 2392 petite
1479 2347 1628 2380 contree
1655 2358 1726 2393 que
1751 2347 1876 2392 repre-

461 2414 561 2441 sente
590 2405 826 2452 aujourd'hui
854 2405 887 2439 le
904 2405 1148 2451 lhmpshire,
1169 2407 1251 2452 puis
1275 2406 1320 2440 (le
1345 2413 1446 2440 toute
1463 2405 1704 2453 l'Angleterre
1724 2406 1827 2452 apres
1845 2405 1876 2439 la

463 2475 561 2502 mort
578 2466 624 2501 de
642 2478 707 2501 son
722 2467 818 2501 frere
838 2457 1015 2500 Etlielred
1031 2466 1073 2499 Ier
1092 2466 1207 2514 (871).

510 2526 560 2573 (3)
585 2525 713 2561 Alfi-ed
734 2532 884 2560 mourut
901 2525 934 2560 le
955 2524 999 2559 26
1016 2525 1165 2560 octobre
1183 2538 1264 2573 900.

513 2588 563 2632 (4)
589 2587 636 2620 La
663 2585 852 2620 fondation
876 2585 920 2620 de
944 2598 984 2619 ce
1009 2586 1212 2620 monastero
1232 2587 1348 2632 paruit
1373 2587 1527 2633 pouvoir
1549 2586 1624 2620 etse
1650 2585 1841 2630 rapportce
1861 2585 1879 2617 ii

470 2646 608 2680 l’annee
633 2645 714 2688 641,
734 2646 766 2680 la
785 2646 990 2692 quatrieme
1010 2645 1061 2679 du
1088 2646 1199 2691 regne
1225 2645 1270 2680 de
1298 2646 1419 2681 Clovis
1439 2646 1487 2680 ΙΙ.
1518 2645 1593 2679 Elle
1621 2644 1677 2678 fut
1703 2642 1787 2677 saite
1815 2655 1879 2689 par

473 2706 687 2740 Leoilvbauil
701 2735 708 2748 ,
730 2706 822 2740 abbe
839 2705 884 2740 dc
901 2706 1170 2752 Saint-Aignan
1187 2705 1393 2740 d'OrlQans.
1415 2707 1460 2740 La
1479 2703 1690 2740 translation
1711 2702 1772 2737 (les
1796 2702 1879 2736 reli-

468 2777 556 2809 ques
578 2765 621 2798 ilo
642 2768 733 2800 saint
754 2767 879 2801 Bonoit
899 2779 920 2811 y
938 2773 999 2800 eut
1014 2766 1086 2801 lieu
1105 2779 1183 2801 vers
1197 2765 1277 2801 653.
