1951 3194
120 285 386 334 1-1059-1061]
616 281 767 320 LIBER
796 281 1029 319 'rER'rlus
1473 283 1517 316 τι

121 365 237 410 tium
261 361 453 418 habens,
476 361 683 424 plurimo
706 370 919 424 tempore
939 358 1123 423 deguit,
1145 357 1417 421 multisque,
1439 358 1521 421 qui

117 439 173 485 ad
203 457 310 486 eum
338 455 426 503 pro
457 438 680 501 sapientia
713 447 758 483 et
792 436 1039 483 nobilitate
1073 452 1151 480 sua
1188 433 1520 490 confluebant,

117 515 317 562 consilio
340 515 524 578 pietatis
550 513 748 578 profuit..

181 595 288 657 Ipso
311 593 517 638 multum
542 591 786 646 hortante,
816 588 1084 636 Rodbertus
1110 588 1250 635 abbas
1273 590 1523 652 Hugonem

116 671 459 717 Luxoviensem
497 669 796 732 episcopum,
832 665 1178 713 monachorum
1209 666 1393 713 fidelem
1428 684 1523 712 ma-

115 749 315 811 gistrum
350 757 396 794 et
425 755 636 810 patrem,
672 744 913 800 accersiit,
949 761 974 789 a
1007 760 1104 807 quo
1138 743 1414 807 praedictam
1444 761 1524 790 ca·-

115 826 286 890 pellam
322 825 370 870 in
411 824 592 871 honore
629 834 901 870 sanctorum
935 822 1260 869 confessorum
1295 821 1484 867 Ebrulfi
1506 858 1519 878 ‚

115 902 352 948 Benedicti
387 912 434 948 et
467 900 717 948 Leudfredi
751 899 957 947 secundo
989 916 1138 946 nonas
1175 899 1284 944 maii
1319 898 1520 944 dedicari

115 978 243 1024 fecit.
277 977 495 1024 Tradunt
536 978 656 1024 hanc
695 977 935 1024 ecclesiam
975 994 998 1021 a
1037 974 1331 1039 temporibus
1374 976 1521 1021 sancti

114 1054 302 1101 Ebrulfi
343 1054 582 1102 conditam
619 1054 792 1111 fuisse,
831 1054 1105 1117 ipsumque,
1148 1052 1262 1098 dum
1306 1068 1522 1115 supernae

113 1130 353 1178 ardentius
378 1131 610 1179 inhaerere
629 1130 817 1178 volebat
844 1129 1065 1187 theoriae,
1091 1130 1368 1177 intermissis
1386 1139 1523 1176 exte-

113 1207 320 1256 rioribus
346 1210 469 1254 curis
492 1209 550 1254 ad
575 1209 721 1272 ipsam
745 1208 1000 1272 confugere
1023 1207 1216 1254 solitum
1238 1206 1396 1252 fuisse.
1424 1208 1523 1252 Lo-

115 1303 194 1331 cus
218 1287 313 1349 ipse
336 1295 405 1332 est
425 1303 643 1332 amoenus
667 1296 712 1332 et
741 1286 961 1333 solitariae
990 1285 1098 1329 vitae
1129 1284 1238 1329 satis
1265 1300 1518 1347 congruus.

115 1361 235 1407 Nam
255 1363 303 1408 in
319 1363 437 1409 valle
457 1363 584 1409 rivus
603 1363 773 1410 sterilis
790 1363 1072 1411 Carentonae
1091 1361 1256 1408 defluit
1273 1397 1285 1418 ,
1307 1371 1353 1408 et
1373 1363 1522 1408 Luxo-

114 1439 319 1486 viensem
344 1441 665 1504 episcopatum
688 1440 746 1486 ab
769 1440 1045 1487 Ebroicensi
1073 1440 1272 1486 dirimit.
1303 1441 1356 1484 In
1384 1456 1523 1485 cacu-

115 1517 242 1564 mine
266 1535 380 1564 vero
413 1519 590 1564 montis
624 1518 736 1564 silva
773 1518 950 1564 crebris
982 1516 1234 1564 frondibus
1268 1526 1524 1562 ventorum

115 1593 258 1640 flabra
283 1595 502 1660 suscipit3
544 1596 593 1641 in
617 1595 797 1643 declivo
827 1606 982 1641 autem
1007 1594 1185 1641 montis
1212 1594 1337 1639 inter
1364 1594 1523 1639 rivum

115 1681 160 1718 et
197 1672 359 1719 silvam
394 1674 672 1719 viridarium
719 1673 960 1720 ecclesiam
1006 1671 1354 1735 circumcingit.
1397 1670 1523 1717 Ante

114 1760 273 1810 portas
297 1750 501 1797 ecclesiae
523 1751 690 1797 Uticus
720 1750 827 1799 fons
855 1750 1010 1797 oritur
1020 1768 1033 1806 ;
1072 1767 1095 1794 a
1119 1765 1215 1813 quo
1243 1748 1398 1794 omnis
1429 1747 1524 1793 cir·-

115 1829 377 1890 cumjacens
401 1829 531 1892 regio
552 1828 786 1874 Uticensis
810 1827 984 1873 dicitur
1009 1827 1097 1889 (ι).

177 1903 249 1950 Ne
275 1905 475 1952 miretur
500 1906 604 1970 quis
635 1905 765 1970 quod
791 1904 1158 1951 Luxoviensium
1191 1903 1438 1967 praesulem
1473 1901 1520 1947 in

115 1979 389 2028 Ebroicensi
410 1984 664 2046 praesulatu
683 1983 1026 2030 dedicationem
1044 1981 1205 2028 fecisse
1223 1981 1445 2026 diximus.
1466 1981 1519 2025 In

118 2057 282 2105 diebus
298 2060 388 2105 illis
405 2071 496 2106 tres
514 2061 726 2125 generosi
742 2060 981 2124 praesules,
995 2076 1272 2123 magnaeque
1286 2058 1522 2104 civilitatis

117 2134 268 2182 tribus
301 2149 537 2201 praeerant
569 2138 879 2185 conterminis
911 2136 1187 2202 parrochiis.
1225 2137 1363 2200 Hugo
1390 2135 1523 2182 Wil-

116 2213 251 2258 lermi
276 2214 500 2262 Aucensis
526 2216 712 2263 comitis
736 2215 859 2261 filius
883 2225 1085 2278 praeerat
1110 2211 1483 2260 Luxoviensibus
1506 2247 1519 2266 ,

117 2300 163 2335 et
185 2291 467 2338 Willermus
490 2291 683 2339 Gerardi
712 2292 910 2339 Fleitelli
941 2291 1064 2338 filius
1090 2290 1392 2338 ecclesiastica
1415 2290 1522 2351 jura

117 2365 256 2412 dabat
295 2369 697 2427 Ebroicensibus,
744 2380 789 2417 et
827 2372 909 2417 lvo
939 2369 1180 2416 Willermi
1221 2366 1523 2413 Belesmensis

164 2589 213 2633 (1)
246 2588 344 2622 Nous
375 2600 481 2622 avons
506 2589 612 2634 peine
642 2591 659 2622 ἐι
688 2589 805 2622 croire
833 2600 904 2634 que
931 2600 970 2621 ce
991 2588 1060 2621 soit
1085 2593 1179 2620 cette
1202 2585 1362 2619 fontaine
1382 2585 1444 2631 qui
1473 2586 1524 2619 ait

117 2646 238 2680 donne
257 2657 322 2680 son
339 2658 423 2679 nom
440 2647 460 2679 ἐι
478 2646 510 2679 la
529 2646 620 2680 soret
633 2653 669 2680 ct
686 2648 705 2680 a
717 2652 794 2680 tout
807 2645 840 2679 le
854 2657 938 2691 pays
955 2643 1351 2689 environnantjusqu⁷ii
1365 2642 1397 2676 la
1411 2643 1521 2677 Rislc.

122 2705 150 2738 ll
177 2716 266 2739 nous
288 2705 474 2751 paraiti·ait
499 2704 578 2748 plus
602 2704 741 2738 naturel
760 2716 830 2749 que
849 2716 887 2737 cc
908 2703 958 2736 sii!
980 2702 1009 2736 la
1035 2702 1129 2737 soret
1152 2702 1213 2748 qui
1234 2701 1297 2735 cut
1315 2701 1435 2735 ‹Vlonnsss¹
1457 2714 1520 2735 son

120 2777 203 2799 nom
222 2767 241 2798 ἱι
260 2765 291 2798 la
311 2766 470 2799 fontaine
