1951 3194
406 274 485 309 272
775 271 1018 309 HISTORIA
1049 271 1452 310 ECCLESIASTICA.
1602 275 1819 326 [699-714]

407 369 511 398 rere
544 350 845 407 nitebantur;
885 350 964 396 sed
1000 350 1122 413 ipse,
1155 351 1363 398 Domino
1388 355 1611 414 juvante,
1638 354 1743 402 illos
1775 365 1822 401 et

407 437 576 473 cuncta
608 426 856 473 molimina
890 443 1059 472 eorum
1091 426 1427 473 frustrabatur.
1469 430 1821 492 Imperterritus

407 505 454 550 in
481 504 716 549 virtutum
746 519 851 549 arce
878 502 1034 559 stetit,
1070 503 1214 550 duros
1241 502 1426 551 labores
1458 505 1505 550 in
1531 522 1679 569 agone
1707 524 1820 569 per—

406 582 542 637 tulit,
577 581 931 646 diabolicosque
967 591 1163 628 conatus
1204 581 1538 645 pessumdedit.
1582 585 1821 648 Tempore

406 657 637 704 Coenredi
654 657 775 722 regis
796 658 1088 705 Merciorum
1108 659 1178 722 (ι)
1197 658 1441 705 Becelmus
1459 659 1527 721 (2)
1550 659 1746 706 clericus
1765 661 1821 706 ad

404 736 718 782 occidendum
752 736 908 782 virum
943 736 1025 783 Dei
1060 754 1083 782 a
1123 736 1340 782 daemone
1378 736 1671 794 stimulatus,
1707 737 1821 784 dum

407 814 561 876 ipsum
586 813 833 870 tonderet,
869 812 927 859 ab
948 814 1114 860 eodem
1138 815 1406 877 increpatus
1433 824 1501 860 est
1525 831 1610 859 cur
1634 824 1820 860 tantum

404 890 586 937 facinus
608 892 657 937 in
680 890 821 937 corde
835 901 1054 955 gestaret.
1077 891 1140 937 At
1158 891 1235 938 ille
1253 908 1367 938 mox
1384 902 1438 937 ut
1457 909 1502 938 se
1520 901 1820 955 praeventum

404 968 546 1026 vidit,
577 968 858 1016 erubescens
883 968 939 1014 ad
962 969 1101 1032 pedes
1130 969 1279 1015 sancti
1307 968 1498 1026 cecidit,
1526 968 1674 1016 scelus
1697 968 1821 1016 fate—

405 1059 502 1104 tur,
536 1048 815 1112 veniamque
839 1057 1078 1111 precatur,
1112 1057 1426 1112 perceptaque
1459 1047 1750 1111 indulgentia
1775 1065 1821 1094 se

405 1126 586 1173 socium
612 1125 736 1172 illius
761 1125 866 1172 fore
886 1125 1159 1189 pollicetur.

468 1203 648 1249 Corvus
683 1213 868 1267 raptam
898 1202 1124 1248 cartulam
1157 1202 1206 1248 in
1240 1201 1398 1248 medio
1428 1204 1578 1266 stagni
1612 1202 1817 1259 dimisit,

403 1297 490 1327 nec
506 1280 635 1325 illam
655 1281 703 1325 in
725 1279 959 1326 arundine
977 1279 1265 1343 pendentem
1287 1296 1406 1343 aqua
1424 1279 1606 1326 meritis
1624 1280 1714 1325 viri
1735 1280 1819 1327 Dei

402 1359 522 1405 laesit
538 1394 550 1415 ,
578 1376 721 1423 quam
747 1357 871 1404 idem
894 1358 1117 1422 scriptori
1142 1367 1318 1404 moesto
1343 1357 1517 1404 salvam
1540 1356 1763 1405 reddidit.

467 1436 573 1483 Duo
607 1436 738 1482 corvi
765 1436 815 1481 in
840 1436 990 1481 insula
1014 1435 1234 1500 degentes
1257 1434 1398 1482 beato
1428 1434 1664 1482 Guthlaco
1688 1435 1820 1482 valde

404 1513 562 1560 infesti
588 1523 740 1571 erant,
771 1513 834 1559 ita
858 1524 913 1559 ut
937 1512 1169 1577 quidquid
1187 1512 1423 1578 frangere,
1446 1530 1677 1577 mergere,
1702 1511 1820 1558 diri-

402 1609 513 1655 pere
529 1627 543 1649 ,
568 1591 895 1638 contaminare
917 1591 1212 1654 potuissent,
1252 1591 1567 1637 irreverenter
1592 1590 1718 1636 intus
1741 1589 1820 1636 fo-

402 1669 563 1733 risque
584 1669 860 1715 damnantes
882 1668 1160 1732 perderent;
1188 1686 1307 1732 quos
1326 1669 1401 1714 vir
1424 1668 1506 1714 Dei
1530 1685 1620 1732 pro
1641 1669 1819 1714 virtute

403 1746 646 1810 patientiae
689 1744 960 1810 benigniter
1012 1742 1260 1791 tolerabat.
1313 1744 1511 1790 Incultae
1552 1743 1820 1790 solitudinis

404 1823 620 1870 volucres
640 1832 686 1869 et
700 1822 963 1887 vagabundi
983 1838 1190 1868 coenosae
1210 1820 1392 1885 paludis
1414 1821 1559 1884 pisces
1578 1820 1634 1866 ad
1655 1837 1821 1867 vocem

405 1903 501 1964 ejus
528 1900 657 1947 velut
678 1900 736 1946 ad
757 1911 995 1964 pastorem
1014 1899 1145 1947 ocius
1169 1909 1385 1945 natantes
1410 1898 1715 1962 volantesque
1738 1915 1821 1945 ve·-

405 1977 628 2034 niebant,
653 1988 698 2024 et
718 1976 775 2024 de
792 1994 937 2023 manu
956 1978 1052 2040 ejus
1068 1977 1266 2034 victum,
1288 1986 1434 2040 prout
1450 1976 1818 2041 uniuscujusque

404 2064 573 2100 natura
598 2052 868 2119 indigebat,
895 2052 1206 2118 accipiebant.

468 2132 704 2177 Praesente
733 2129 991 2178 venerabili
1018 2131 1121 2176 viro
1147 2129 1408 2186 wilfrido,
1440 2127 1621 2175 duabus
1650 2127 1819 2174 hirun-

404 2207 597 2254 dinibus
620 2208 880 2272 gaudenter
904 2207 1040 2253 illum
1063 2207 1323 2254 secundum
1345 2224 1476 2252 suam
1500 2215 1720 2252 naturam
1750 2206 1818 2250 vi-

405 2285 682 2342 sitantibus,
709 2296 755 2333 et
773 2303 879 2332 cum
900 2298 1043 2332 cantu
1060 2284 1264 2332 brachiis
1289 2295 1335 2331 et
1359 2283 1581 2349 genibus,
1607 2284 1819 2348 pectori-

404 2383 496 2429 que
512 2364 636 2411 illius
651 2364 1006 2411 considentibus
1020 2400 1032 2421 ,
1057 2364 1286 2412 festucam
1307 2365 1356 2409 in
1375 2362 1618 2410 ventinula
1637 2363 1815 2425 posuit,

405 2455 452 2489 et
472 2443 536 2488 sic
563 2442 726 2489 avibus
746 2443 913 2488 nidum
940 2443 987 2488 in
1017 2460 1097 2488 sua
1121 2442 1235 2489 cella
1257 2441 1533 2506 designavit.
1560 2440 1670 2487 Non
1689 2440 1818 2486 enim

406 2523 454 2566 in
477 2539 575 2567 casa
599 2519 821 2566 Guthlaci
843 2521 943 2567 sine
964 2520 1154 2567 licentia
1173 2522 1269 2584 ejus
1293 2518 1536 2565 nidificare
1560 2515 1811 2564 audebant.

452 2707 502 2749 (ι)
527 2705 687 2748 (Ienrcd,
705 2706 758 2739 roi
779 2704 823 2739 dc
838 2706 974 2740 Mercie
993 2705 1194 2754 (704-708).

451 2765 499 2807 τι.)
524 2764 619 2797 Liscz
643 2781 647 2797 :
673 2765 897 2798 Beccelimcs:
