1951 3194
365 247 439 284 178
732 242 973 281 HISTORIA
1004 240 1409 279 ECCLESIASTICA.
1511 243 1780 294 [1067-1068]

360 327 607 391 regionem
641 323 837 369 dimisit.
871 319 1055 367 Deinde
1092 330 1220 368 sexta
1251 330 1393 367 nocte
1429 320 1691 368 decembris
1726 322 1785 368 ad

360 406 539 453 ostium
570 402 722 449 amnis
753 400 933 464 Deppae
971 398 1098 444 ultra
1127 397 1361 462 oppidum
1391 396 1569 445 Archas
1594 400 1671 464 (1)
1703 417 1785 446 ac—

361 484 525 539 cessit,
547 481 797 546 primaque
815 477 971 542 vigilia
994 476 1161 542 gelidae
1186 476 1341 522 noctis
1367 476 1545 524 Austro
1570 477 1670 525 vela
1698 477 1785 524 de·—

361 561 457 616 dit,
489 568 536 605 et
558 574 698 603 mane
728 565 925 620 portum
950 552 1158 619 oppositi
1195 552 1370 599 littoris
1405 553 1582 617 (quem
1605 553 1785 601 Vince—

363 637 548 684 nesium
573 635 647 699 (2)
667 632 909 695 vocitant)
925 630 1252 696 prosperrimo
1272 647 1413 675 cursu
1438 630 1656 694 arripuit.
1682 633 1786 677 Jam

361 731 474 760 aura
506 711 718 759 hiemalis
751 726 881 756 mare
912 708 1224 755 saevissimum
1248 705 1505 763 efficiebat3
1533 706 1614 754 sed
1635 709 1785 753 sancti

363 792 549 839 Nicolai
584 791 898 854 Myrreorum
937 785 1153 851 praesulis
1188 785 1540 832 solemnitatem
1579 784 1787 831 Ecclesia

364 870 448 917 Dei
475 866 771 923 celebrabat,
799 866 913 912 etin
939 863 1236 912 Normannia
1262 879 1352 927 pro
1372 862 1548 910 devoto
1570 863 1788 927 principe

365 948 570 996 fideliter
585 945 768 994 orabat.
787 943 1149 1007 Omnipotentia
1167 959 1280 1007 ergo
1298 941 1475 999 divina,
1496 960 1604 1007 quae
1622 959 1789 989 omnes

364 1027 544 1092 ubique
570 1037 618 1073 et
648 1042 833 1088 semper
856 1039 976 1088 quos
997 1022 1102 1067 vult
1128 1037 1354 1085 prospere
1379 1020 1633 1085 gubernat,
1660 1019 1790 1068 beni-

365 1106 530 1154 volum
553 1121 711 1168 regem
751 1103 877 1148 inter
911 1099 1132 1146 hiemales
1172 1109 1470 1163 tempestates
1503 1098 1559 1145 ad
1591 1107 1788 1163 portum

366 1183 528 1229 salutis
571 1198 681 1227 cum
714 1179 885 1243 gaudio
911 1175 1161 1241 dirigebat.
1199 1177 1299 1222 Rex
1333 1176 1382 1222 in
1405 1175 1483 1222 illa
1517 1175 1790 1223 transfreta-

366 1261 499 1307 tione
532 1257 790 1323 Rogerium
826 1256 883 1302 de
908 1253 1353 1301 Monte-Gomerici
1381 1253 1556 1317 (quem
1579 1263 1791 1300 tutorem

367 1337 699 1393 Normanniae,
721 1335 837 1381 dum
860 1333 918 1380 ad
936 1332 1117 1381 bellum
1131 1332 1504 1378 transmarinum
1527 1330 1793 1395 proficisce-

368 1430 527 1475 retur,
569 1434 678 1463 cum
720 1432 800 1460 sua
843 1415 1044 1477 conjuge
1078 1411 1349 1474 dimiserat)
1374 1428 1532 1457 secum
1557 1410 1788 1466 minavit,

367 1498 504 1561 eique
535 1495 695 1559 primo
721 1493 979 1539 Cicestram
1011 1500 1058 1537 et
1089 1488 1405 1535 Arundellum
1424 1524 1436 1543 ‚
1473 1505 1526 1534 ac
1560 1498 1669 1552 post
1705 1487 1791 1534 ali-

371 1583 491 1639 quot
524 1583 711 1635 tempus
744 1567 1223 1616 Scrobesburiensem
1259 1566 1541 1612 comitatum
1573 1565 1787 1611 donavit.

433 1650 668 1698 Adventui
699 1647 820 1712 regis
855 1646 998 1710 Angli
1030 1654 1373 1700 occurrerunt,
1413 1645 1664 1708 ipsumque
1694 1654 1792 1689 tam

368 1725 736 1778 honorificentia
761 1722 1082 1770 monasteriali
1119 1739 1261 1787 quam
1294 1719 1600 1767 saecularibus
1628 1721 1793 1769 officiis

369 1807 765 1854 sublimaverunt.
803 1804 906 1866 lpse
937 1800 1204 1847 Luudoniae
1235 1801 1537 1847 Dominicam
1559 1799 1795 1846 Nativita-

372 1898 468 1932 tem
506 1881 790 1934 celebravit,
829 1879 991 1943 ibique
1029 1878 1339 1943 pontificibus
1378 1878 1546 1943 Anglis
1580 1877 1795 1942 proceri-

371 1964 552 2027 busque
573 1960 721 2006 multa
742 1957 997 2004 calliditate
1023 1956 1157 2002 favit.
1182 1957 1284 2019 Ipse
1301 1973 1465 2002 omnes
1487 1955 1698 2003 officioso
1717 1954 1793 2000 af-

370 2042 500 2089 fectu
519 2037 817 2087 demulcebat
830 2073 841 2091 ‚
867 2036 1072 2082 dulciter
1091 2035 1148 2081 ad
1162 2035 1318 2081 oscula
1345 2033 1591 2090 invitabat,
1610 2034 1794 2079 cunctis

371 2118 697 2165 affabilitatem
728 2112 1033 2167 ostendebat3
1066 2111 1301 2176 benigne,
1340 2112 1375 2157 si
1412 2110 1529 2175 quid
1566 2109 1792 2167 orabant,

374 2194 688 2250 concedebat3
717 2201 958 2256 prompte,
983 2192 1017 2235 si
1039 2189 1333 2236 nunciabant
1352 2199 1433 2236 aut
1452 2187 1790 2254 suggerebant,

367 2411 448 2458 filii
463 2420 571 2455 quem
589 2406 778 2451 elegerant
801 2401 853 2436 acl
871 2400 1155 2447 gubernandwn
1183 2411 1337 2445 regnum
1361 2405 1444 2445 post
1464 2411 1571 2433 suum
1596 2399 1794 2434 obitum....

379 2473 389 2515 (
400 2468 577 2505 Archives
596 2465 641 2500 dc
660 2462 894 2499 Saint-Ouen
915 2460 960 2494 de
981 2460 1139 2504 Rouen).
1161 2459 1266 2493 Cette
1284 2459 1409 2493 charte
1427 2465 1532 2505 porte
1550 2470 1586 2492 sa
1612 2459 1796 2503 souscrip-

384 2531 478 2569 tion,
501 2523 681 2573 quoiqu'il
695 2535 739 2557 ne
754 2521 821 2555 dut
840 2532 901 2567 pas
917 2519 1010 2554 alors
1030 2519 1108 2553 cti-e
1122 2518 1188 2564 age
1204 2517 1250 2552 de
1267 2517 1348 2564 plus
1362 2517 1407 2551 de
1426 2517 1519 2552 neuf
1527 2528 1602 2551 ans.

429 2588 479 2632 (ι)
506 2586 640 2620 Amnis
658 2583 789 2628 Deppa
810 2597 816 2612 ι
838 2580 869 2613 la
886 2580 1043 2625 Dieppe,
1064 2578 1127 2625 qui
1146 2590 1165 2611 a
1183 2576 1305 2611 donne
1323 2589 1386 2611 son
1403 2589 1488 2611 nom
1509 2577 1527 2610 ἐι
1548 2575 1582 2610 la
1600 2574 1682 2608 ville
1702 2574 1798 2608 battle

383 2651 399 2680 ii
417 2659 480 2680 son
500 2643 751 2679 cmbouchure
770 2639 1101 2686 posterieureincnt
1118 2639 1136 2671 a
1150 2648 1190 2670 ce
1207 2648 1360 2682 voyage,
1381 2634 1548 2682 s’appelle
1562 2632 1797 2678 aujourd’liui

387 2707 413 2737 Ιιι
436 2701 757 2748 Belliunejusqu'a
775 2712 810 2733 sa
831 2699 985 2733 reunion
1005 2701 1022 2731 ἐι
1043 2697 1075 2731 la
1098 2696 1227 2732 viviere
1246 2694 1436 2742 d'Arques.

430 2766 478 2807 ι)
510 2760 757 2795 ΧῪίιιςΊΙοΙςυιι.
782 2759 870 2793 dans
889 2758 920 2791 lv
940 2759 1057 2791 comt(-
1077 2756 1121 2791 dc
1141 2757 1282 2790 Susscx.
