1951 3194
312 266 362 303 '74
678 267 919 306 HISTORIA
948 265 1348 305 ECCLESIASTICA.
1449 271 1722 318 [1059-1061]

313 344 529 392 Tradunt
560 346 752 410 quidam
779 344 907 410 quod
931 345 998 390 vis
1022 345 1220 402 veneni,
1249 363 1345 410 quo
1375 346 1497 393 idem
1527 347 1724 394 interie-

312 432 406 480 rat,
423 440 617 470 omnem
637 423 851 470 defuncti
871 421 1105 470 cadaveris
1127 422 1376 470 humorem
1396 425 1721 481 exsiccaverat,

313 499 512 564 ideoque
551 500 710 546 nullus
743 500 852 547 inde
883 499 1032 547 foetor
1063 500 1283 547 vivorum
1318 500 1508 548 naribus
1545 501 1724 549 effundi

311 576 508 623 moleste
532 587 736 640 poterat.

375 653 622 701 Redeunte
648 653 705 700 ad
728 653 942 700 naturale
959 655 1035 718 jus
1060 653 1271 700 Ernaldo
1294 653 1538 700 Uticenses
1560 672 1725 702 mona-

310 729 385 776 chi
411 731 556 795 gavisi
581 743 719 789 sunt,
751 744 795 779 et
824 733 875 778 in
903 732 1084 779 vicinos
1109 732 1390 789 insolentes,
1418 732 1497 797 qui
1526 733 1727 780 inermes

311 808 483 871 injuste
515 808 876 874 opprimebant,
911 809 1036 856 illius
1068 826 1157 873 ope
1190 810 1332 857 erecti
1363 820 1490 856 sunt.
1519 811 1728 873 Tempo-

309 883 442 931 ribus
466 885 713 933 Teoderici
741 885 922 933 abbatis
947 896 994 933 et
1028 885 1260 933 Rodberti
1299 887 1574 933 successoris
1598 888 1694 949 ejus
1710 922 1724 943 ,

310 962 555 1010 Baldricus
590 974 636 1012 et
667 965 912 1029 Wigerius
938 964 995 1011 de
1024 964 1300 1029 Balgenzaio
1337 975 1384 1011 et
1413 964 1628 1011 homines
1656 964 1726 1010 sui

311 1051 480 1088 contra
513 1041 771 1090 monachos
808 1043 1069 1089 insolenter
1103 1041 1332 1106 agebant,
1361 1053 1408 1089 et
1439 1059 1538 1088 non
1574 1041 1727 1088 solum

311 1119 375 1165 eis
403 1129 457 1165 ut
487 1120 695 1167 dominis
723 1121 868 1184 (non)
900 1119 1211 1175 obediebant,
1233 1120 1541 1165 verumetiam
1570 1118 1728 1182 pluri-

310 1196 400 1241 mis
432 1196 844 1261 inquietudinibus
878 1199 1002 1260 ipsos
1036 1196 1345 1260 hominesque
1369 1213 1536 1242 eorum
1558 1195 1727 1258 saepius

311 1272 676 1319 contristabant.
720 1273 858 1334 Quod
896 1271 1197 1330 Rodbertus,
1237 1281 1490 1336 postquam
1526 1270 1727 1317 abbatiae

309 1351 521 1415 regimen
547 1351 774 1415 suscepit,
801 1351 982 1397 diutius
1005 1350 1131 1397 ferre
1156 1349 1405 1413 indignum
1428 1349 1580 1396 duxit.
1606 1349 1728 1396 Nam

310 1438 504 1492 accepto
527 1428 732 1475 fratrum
755 1429 956 1476 consilio
980 1429 1202 1492 praefatos
1223 1427 1420 1475 rebelles
1439 1446 1529 1491 pro
1552 1438 1728 1475 contu-

312 1505 461 1550 macia
480 1505 694 1551 Ernaldo
716 1505 1068 1567 consanguineo
1088 1521 1173 1550 suo
1194 1502 1411 1559 tradidit,
1434 1515 1487 1549 ut
1507 1504 1602 1568 ipse
1623 1521 1729 1551 cer-

312 1582 608 1628 vicositatem
626 1599 792 1628 eorum
806 1617 819 1638 ,
844 1581 926 1645 qui
951 1579 1296 1627 monachorum
1317 1579 1729 1626 mansuetudinem

311 1659 504 1725 pacifice
528 1660 624 1723 pati
650 1659 1045 1723 dedignabantur,
1067 1658 1294 1723 quamdiu
1315 1659 1510 1715 viveret,
1533 1659 1725 1704 militari

313 1755 458 1783 manu
487 1746 773 1801 protereret.
811 1735 875 1782 At
907 1736 984 1782 ille
1016 1736 1177 1781 multis
1210 1735 1497 1800 diversisque
1526 1736 1727 1782 servitiis

313 1832 391 1861 eos
410 1815 695 1879 aggravavit,
716 1824 761 1860 et
780 1813 903 1877 ipsos
924 1811 1234 1877 hominesque
1254 1829 1420 1858 eorum
1438 1813 1727 1859 munitiones

314 1909 415 1938 suas
430 1892 552 1955 apud
572 1892 860 1938 Escalfoium
879 1902 925 1937 et
948 1891 1175 1937 Sanctum
1198 1891 1471 1936 Serenicum
1492 1890 1728 1937 custodire

315 1970 484 2034 coegit.
517 1969 654 2016 Unde
690 1969 757 2015 illi
799 1967 1097 2015 Rodbertum
1130 1967 1344 2014 abbatem
1386 1979 1432 2014 et
1471 1967 1727 2015 monachos.

314 2047 489 2094 obnixe
523 2049 764 2111 petierunt
796 2057 850 2092 ut
884 2047 1057 2092 iterum
1089 2046 1307 2109 potestati
1342 2062 1508 2092 eorum
1543 2046 1726 2091 restitui

314 2136 639 2181 mererentur,
662 2125 996 2189 promittentes
1022 2124 1084 2170 eis
1107 2141 1301 2170 omnem
1320 2122 1661 2186 subjectionem
1681 2134 1728 2170 et

316 2204 710 2251 emendationem.
733 2201 891 2248 Abbas
911 2218 1024 2248 vero
1048 2219 1156 2247 cum
1177 2199 1420 2247 monachis
1441 2217 1605 2245 eorum
1622 2218 1729 2263 pre-

315 2281 448 2327 cihus
474 2280 739 2346 adquievit,
772 2291 818 2326 et
841 2278 1102 2325 Ernaldum
1120 2314 1132 2335 ,
1165 2287 1218 2323 ut
1245 2294 1323 2323 eos
1350 2276 1554 2322 ecclesiae
1585 2278 1728 2323 servi-

317 2363 440 2414 tuti,
479 2376 586 2423 quae
629 2356 887 2403 humilibus
927 2366 972 2402 et
1008 2355 1261 2400 mansuetis
1297 2371 1404 2400 vere
1448 2352 1593 2402 libera
1627 2365 1724 2411 est,

316 2435 561 2492 redderet,
601 2436 754 2500 petiit.
800 2434 886 2479 His
922 2431 1085 2479 diebus
1119 2431 1350 2496 Rogcrius
1384 2432 1726 2496 primogenitus

317 2513 572 2576 Engenulfi
595 2513 652 2559 de
673 2511 844 2576 Aquila
869 2510 991 2557 filius
1016 2510 1194 2556 occisus
1219 2520 1303 2554 est.
1330 2508 1396 2554 Dc
1422 2510 1550 2571 cujus
1574 2517 1727 2554 morte

317 2589 615 2653 Engenulfus
639 2601 686 2636 et
709 2587 999 2636 Richuereda
1020 2604 1142 2633 uxor
1165 2588 1260 2649 ejus
1283 2584 1414 2631 valde
1437 2584 1591 2630 afflicti
1616 2584 1728 2629 Uti—

321 2684 429 2711 cum
448 2677 711 2723 venerunt,
742 2677 788 2712 et
818 2665 1104 2712 beneficium
1128 2673 1270 2727 atquc
1299 2662 1534 2709 orationes
1559 2677 1729 2706 mona-

324 2740 522 2787 chorum
548 2760 635 2805 pro
667 2760 743 2789 sua
762 2779 773 2798 ,
802 2741 984 2805 filiique
1008 2741 1076 2787 sui
1106 2739 1294 2803 Rogerii
1321 2737 1467 2782 salute
1487 2736 1727 2799 petierunt
