1951 3194
542 204 694 241 LIBER
724 203 963 252 QUINTUS.
1399 204 1471 242 401

69 282 257 329 solliciti
282 280 690 327 xenodochiorum
713 280 1054 344 dispensatores
1079 280 1243 335 laicos,
1273 289 1325 324 ut
1349 280 1477 326 deci-

68 376 163 404 mas
198 357 416 404 Ecclesiae
452 358 538 403 Dei
575 357 854 413 redderent,
892 358 1274 412 admonuerunt,
1315 357 1475 421 eisque

68 435 410 500 quoquomodo
445 435 628 481 auferre
663 433 905 491 ardentes,
945 435 1186 499 ingentem
1225 436 1474 498 pecuniam

68 511 328 567 dederunt,
378 512 646 574 ignorantes
683 510 810 574 quod
844 510 1168 558 venditionem
1209 510 1474 575 hnjusmodi

70 600 116 635 et
154 589 445 652 emptionem
478 589 594 633 sacri
629 604 830 633 canones
864 588 1064 634 omnino
1102 587 1472 652 prohibuerunt.

68 667 220 714 Porro
244 666 293 712 in
323 664 562 711 modernis
586 663 725 710 etiam
756 663 969 709 conciliis
994 665 1109 710 sacri
1135 664 1356 728 praesules
1384 665 1479 710 illi-

70 744 218 790 citum
241 742 605 790 mercimonium
629 740 924 788 anathemate
942 742 1273 804 perculerunt,
1301 742 1379 788 scd
1402 761 1480 789 rc-

70 832 231 884 spectu
253 817 589 866 misericordiae
614 819 884 883 praeteritos
905 829 1061 865 reatus
1082 819 1406 876 indulserunt,
1434 831 1480 867 et

70 915 169 953 res,
198 914 309 961 quas
333 896 534 943 Ecclesia
562 907 676 941 tunc
703 895 996 959 possidebat,
1028 896 1302 960 perenniter
1327 898 1481 960 possi-

69 974 240 1021 dendas
264 972 524 1037 pontificali
551 973 831 1019 auctoritate
856 984 1206 1020 concesserunt.

134 1050 395 1098 Mediocres
421 1050 509 1095 viri
544 1050 816 1096 Uticensem
849 1049 1085 1096 abbatiam
1112 1052 1162 1096 in
1191 1051 1338 1098 sterili
1371 1069 1482 1098 rure

72 1128 273 1176 condere
290 1138 560 1192 coeperunt,
585 1139 840 1192 tenuesque
861 1146 951 1187 res,
973 1129 1158 1194 lateque
1176 1129 1402 1193 dispersas
1426 1130 1481 1175 ad

72 1208 252 1253 victum
273 1206 476 1251 fratrum
494 1207 627 1269 juxta
655 1204 1032 1253 mediocritatem
1056 1207 1125 1252 sui
1151 1207 1478 1254 contulerunt.

72 1282 292 1346 Undique
317 1282 459 1327 vicini
484 1291 756 1345 paupertate
778 1293 1082 1345 premuntur,
1109 1293 1155 1329 et
1178 1293 1378 1348 egestate
1399 1301 1481 1329 ne-

73 1361 315 1425 quitiaque
339 1360 533 1406 lacessiti
551 1396 562 1414 ‚
585 1359 705 1406 dolis
724 1372 769 1406 et
790 1361 928 1407 furtis
949 1371 1090 1426 atque
1113 1362 1290 1425 rapinis
1311 1363 1483 1408 instare

74 1439 367 1495 moliuntur3
387 1439 513 1485 unde
527 1439 769 1485 Uticenses
788 1438 1009 1486 monachi
1027 1439 1084 1485 de
1103 1439 1369 1505 longinquo
1389 1441 1483 1486 vic-

74 1527 178 1561 tum
207 1515 293 1561 sibi
314 1554 323 1571 ‚
358 1514 716 1580 hospitibusque
740 1515 1097 1563 advenientibus
1122 1535 1379 1580 procurare
1404 1536 1487 1566 co—

73 1605 268 1656 guntur.
293 1595 475 1639 Verum
491 1629 504 1650 ,
531 1597 640 1658 quia
662 1593 864 1658 regulari
890 1594 1153 1657 disciplinae
1174 1613 1194 1640 a
1220 1596 1486 1658 primordio

76 1672 386 1718 institutionis
411 1689 505 1717 suae
531 1671 783 1735 mancipati
809 1683 947 1727 sunt,
985 1674 1157 1718 summi
1189 1690 1408 1737 proceres
1441 1685 1488 1720 et

74 1749 276 1812 religiosi
301 1748 523 1812 praesules
549 1765 627 1796 eos
656 1748 951 1804 dilexerunt,
986 1750 1199 1815 datisque
1232 1749 1372 1797 rebus
1396 1768 1486 1798 ne-

76 1827 280 1872 cessariis
300 1827 346 1871 in
369 1826 585 1881 decimis,
609 1826 907 1889 ecclesiisque
924 1838 971 1872 et
989 1826 1091 1871 aliis
1114 1826 1456 1875 donationibus
1470 1865 1484 1885 ,

78 1902 277 1949 fideliter
300 1903 504 1950 venerati
532 1914 658 1948 sunt.

142 1980 368 2026 Radulfus
405 1980 548 2042 igitur
580 1979 636 2025 de
665 1978 995 2043 Conchis(1),
1039 1979 1162 2026 filius
1201 1981 1391 2045 Rogerii
1431 1982 1488 2029 de

79 2058 255 2104 Toenia
270 2093 283 2115 ‚
304 2057 386 2120 qui
401 2056 490 2102 fuit
509 2055 899 2103 Normannorum
916 2057 1122 2104 famosus
1139 2058 1351 2121 signifer,
1379 2076 1488 2104 cum

79 2134 219 2181 vellet
252 2134 297 2179 in
329 2134 598 2196 Hispaniam
629 2132 891 2196 proficisci,
914 2134 1108 2180 Uticum
1132 2136 1263 2181 venit
1289 2137 1336 2181 in
1363 2137 1486 2200 capi-

81 2212 234 2258 tulum
259 2213 305 2258 S.
333 2210 544 2267 Ebrulfi,
573 2222 620 2257 et
642 2229 664 2256 a
691 2211 922 2259 Mainerio
945 2211 1113 2259 abbate
1142 2214 1325 2260 veniam
1352 2215 1490 2278 petiit

81 2302 126 2335 et
148 2308 170 2335 a
191 2298 429 2336 conventu
451 2289 793 2335 monachorum
811 2325 822 2343 ,
846 2288 973 2353 quod
1000 2290 1094 2353 ipsc
1109 2289 1387 2353 jamdudum
1409 2291 1490 2337 ad-

131 2536 180 2579 (1)
205 2532 323 2567 Raoul
343 2533 377 2566 11
393 2532 437 2567 (le
455 2533 586 2567 Toeni.
604 2534 675 2568 Son
692 2534 777 2579 perc
793 2532 916 2578 Roget·
930 2533 1022 2566 avait
1042 2532 1105 2567 fait
1124 2533 1216 2566 aussi
1235 2545 1282 2566 un
1299 2545 1433 2579 voyage
1447 2547 1489 2567 cn

86 2595 263 2641 Espagne‚
279 2606 419 2628 comme
434 2605 524 2627 nous
540 2592 671 2628 l'avons
689 2606 735 2627 vu
753 2592 941 2635 ci-dessus‚
962 2599 989 2626 t.
1008 2605 1030 2635 i,
1050 2605 1084 2638 p.
1113 2593 1188 2626 181.
1206 2593 1295 2626 L'un
1314 2600 1348 2626 et
1366 2593 1491 2628 Paua-<-

89 2661 217 2688 eux-ent
237 2653 269 2687 le
289 2654 375 2687 titre
391 2653 435 2687 (lc
459 2652 754 2699 porte-ete‘ndard
776 2652 820 2685 (le
839 2651 1073 2686 normandia

188 2732 236 2759 Π.
1246 2715 1301 2757 ἈΒ
