1951 3194
300 240 379 279 114
602 240 845 279 HISTORIA
876 238 1280 278 ECCLESIASTICA.
1445 242 1717 291 [1061-1066]

298 320 594 366 Francorum
609 319 853 374 vitricum,
874 317 1028 382 gravis
1049 316 1216 365 seditio
1233 329 1393 366 exorta
1409 331 1495 377 est,
1516 338 1719 386 cumque

298 399 438 463 Hugo
461 416 569 445 cum
594 396 825 461 praedicto
852 396 1046 444 consule
1073 397 1292 444 audacter
1317 416 1592 463 congressus
1621 409 1715 454 est,

300 477 413 542 quia
436 476 647 522 militum
671 475 824 538 impar
847 474 890 521 ei
919 492 1146 521 numerus
1169 486 1296 533 erat,
1323 477 1486 542 fugere
1509 477 1721 541 compul-

299 573 375 601 sus
398 564 482 601 est.
500 555 555 600 In
576 552 661 599 hac
679 551 789 617 fuga
803 553 1031 599 Ricardus
1053 554 1112 601 de
1135 554 1508 602 Heldrici-Corte
1523 556 1616 620 (1),
1638 573 1724 603 no-

297 632 407 677 bilis
440 630 574 676 miles
601 629 658 676 de
690 647 811 695 pago
838 630 1133 687 VHcassino,
1171 631 1447 678 vulneratus
1475 642 1561 679 est.
1601 632 1723 679 Nam

298 708 415 755 dum
436 707 609 754 vadum
631 708 767 772 Eptae
792 707 1004 755 fluminis
1031 726 1153 773 equo
1179 709 1407 756 velociter
1431 708 1618 774 fugiens
1645 710 1724 755 in-

299 804 482 852 gressus
512 796 606 843 est,
641 786 968 850 persequentis
999 786 1165 832 militis
1194 787 1352 834 lancea
1381 805 1523 851 super
1547 805 1725 852 equum

301 885 325 913 a
350 876 485 931 tergo
517 865 745 912 acerrime
773 882 1019 929 percussus
1045 876 1130 912 est.
1159 865 1250 925 Qui
1275 883 1388 913 mox
1417 866 1474 913 ad
1503 865 1726 912 Novum-

298 943 566 990 Mercatum
583 941 764 989 delatus
783 953 852 988 est
871 960 896 988 a
918 942 1332 989 commilitonibus
1356 943 1478 1000 suis:
1505 943 1726 1006 morique

301 1031 545 1078 metuens,
567 1019 768 1066 consilio
787 1019 1027 1084 Hugonis,
1055 1020 1104 1066 in
1139 1023 1269 1084 cujus
1298 1020 1476 1067 familia
1503 1020 1728 1067 servierat

301 1101 351 1145 in
388 1099 557 1155 armis,
586 1098 777 1145 devovit
808 1097 981 1145 amodo
1017 1116 1063 1145 se
1087 1098 1407 1145 militaturum
1439 1097 1526 1145 sub
1556 1116 1728 1146 mona-

303 1176 416 1223 chili
446 1193 616 1223 norma
642 1176 879 1221 virtutum
915 1177 1169 1223 exercitiis.
1197 1177 1444 1224 Uticenses
1477 1194 1590 1241 ergo
1619 1194 1729 1223 mo·-

302 1253 480 1301 nachos
518 1253 733 1300 accersiit
750 1289 763 1310 ‚
808 1263 856 1300 et
895 1253 1098 1300 Osberni
1141 1253 1322 1301 abbatis
1367 1255 1644 1320 magisterio
1684 1272 1731 1301 se

302 1331 611 1395 mancipavit.
646 1331 811 1377 Postea
842 1330 1054 1378 donante
1087 1331 1215 1389 Deo,
1249 1332 1331 1396 qui
1360 1343 1629 1396 peccatores
1660 1331 1731 1376 di-

304 1407 450 1454 versis
482 1405 811 1455 occasionibus
834 1407 891 1454 de
919 1406 1147 1454 barathro
1183 1408 1466 1472 perditionis
1503 1407 1730 1465 retrahit,

304 1485 530 1532 Ricardus
561 1485 912 1550 aliquantulum
931 1521 944 1541 ‚
972 1503 1073 1533 non
1099 1496 1257 1532 tamen
1282 1504 1338 1533 ex
1368 1487 1580 1551 integro,
1614 1504 1735 1534 con-

305 1563 480 1620 valuit,
504 1573 551 1609 et
578 1563 677 1610 fere
697 1580 767 1610 v11
787 1563 922 1609 annis
944 1564 993 1609 in
1012 1563 1181 1611 ordine
1197 1563 1408 1610 fervidus
1423 1565 1571 1622 vixit,
1593 1574 1735 1629 atque

304 1641 523 1707 pluribus
538 1641 692 1689 modis
712 1642 936 1688 Ecclesiae
952 1643 1175 1706 profecit.
1198 1643 1286 1688 Hic
1307 1644 1483 1690 etenim
1501 1643 1736 1707 patrimo-

307 1721 445 1767 nium
463 1738 619 1778 suum,
642 1719 773 1785 quod
801 1721 852 1766 in
878 1738 1000 1785 pago
1017 1721 1281 1769 Vilcassino
1301 1722 1593 1787 possederat,
1623 1723 1735 1785 quia

307 1816 510 1845 uxorem
535 1808 582 1844 et
606 1796 782 1845 liberos
806 1815 908 1845 non
930 1798 1183 1856 habuerat,
1211 1810 1318 1863 post
1341 1799 1550 1846 vulneris
1576 1799 1737 1846 laesio-

309 1894 424 1923 nem
448 1877 623 1922 Sancto
644 1875 850 1923 Ebrulfo
873 1887 1044 1940 sponte
1070 1895 1230 1924 secum
1250 1878 1484 1935 contulit,
1505 1888 1552 1924 et
1574 1895 1598 1922 a
1621 1877 1737 1922 Ful-

313 1971 433 2001 cone
450 1964 624 2018 patruo
645 1971 731 2000 suo
748 1963 888 2018 atque
907 1953 1144 2002 Herberto
1162 1955 1393 2002 Pincerna
1408 1955 1512 2020 (qui
1529 1954 1738 2019 capitalis

312 2031 538 2078 dominus
563 2031 683 2094 erat)
707 2030 902 2095 aliisque
925 2031 1204 2094 parentibus
1224 2032 1318 2078 suis
1339 2033 1570 2097 integram
1601 2031 1738 2094 hujus

313 2110 383 2156 rei
426 2109 782 2156 concessionem
813 2108 1043 2156 obtinuit.
1083 2112 1185 2175 Ipse
1223 2111 1478 2167 nimirum,
1525 2109 1738 2175 quamvis

317 2187 453 2252 plaga
497 2189 594 2250 ejus
638 2203 901 2250 numquam
943 2186 1094 2233 clausa
1124 2198 1242 2234 esset
1258 2223 1272 2244 ‚
1320 2198 1367 2234 et
1410 2188 1519 2233 inde
1563 2186 1736 2243 sanies,

318 2274 555 2330 quantum
588 2274 705 2310 testa
735 2263 812 2309 ovi
844 2265 1020 2310 anseris
1053 2282 1217 2329 capere
1243 2274 1399 2328 posset
1428 2266 1501 2327 (ut
1531 2263 1742 2310 refertur

318 2342 377 2388 ab
402 2341 473 2388 his
499 2341 580 2406 qui
605 2340 889 2404 viderunt),
917 2341 1133 2406 quotidie
1156 2341 1414 2399 deflueret,
1448 2351 1740 2388 conventum

320 2420 539 2468 ordinate
562 2419 692 2484 sequi
718 2419 940 2466 ardenter
961 2419 1179 2466 studebat
1197 2456 1209 2476 ‚
1241 2432 1288 2467 et
1313 2421 1574 2467 ministeria
1590 2456 1604 2477 ,
1633 2437 1740 2483 quae

328 2622 413 2656 1062
439 2624 457 2656 a
475 2623 597 2669 Agnes
622 2621 667 2657 de
689 2621 837 2665 Russie‚
862 2635 972 2657 veuve
990 2622 1035 2658 (le
1053 2624 1168 2659 Henri
1190 2625 1247 2668 1²¹,
1276 2625 1329 2659 roi
1350 2624 1395 2659 de
1414 2624 1568 2661 Francc,
1592 2629 1743 2655 mourut

324 2692 366 2713 en
394 2683 491 2726 1074.

376 2740 425 2783 (ι)
454 2739 703 2783 Houdicourt,
726 2742 806 2786 pres
828 2741 1038 2786 Etrepagni.
