1951 3194
410 234 485 271 15ss
775 229 1018 268 HISTORIA
1049 229 1452 268 1⁴2CCLE51ASTIC-x.
1685 230 1822 279 [1066]

473 312 674 369 Omnia,
700 310 983 373 disponente
1010 307 1107 354 Deo
1125 343 1138 366 ‚
1168 308 1216 353 in
1243 308 1392 370 spatio
1419 307 1564 352 trium
1589 308 1822 353 mensium

406 406 490 452 per
510 387 730 451 Angliam
755 395 916 448 pacata
939 394 1077 440 sunt,
1106 384 1362 448 cunctique
1383 383 1607 447 praesules
1621 419 1633 440 ,
1660 384 1826 448 regni-

405 483 497 530 que
521 481 742 529 proceres
765 481 875 510 cum
894 462 1152 510 Guillelmo
1176 461 1482 509 concordiam
1502 462 1720 510 fecerunt
1734 497 1746 518 ,
1772 479 1824 508 ac

405 552 458 588 ut
483 541 695 588 diadema
720 542 904 606 regium
932 550 1139 587 sumeret
1165 540 1314 603 (sicut
1339 556 1441 587 mos
1465 539 1652 604 Anglici
1684 540 1826 603 prin—
1865 597 1870 602 ι

406 621 588 684 cipatus
609 621 786 685 exigit)
807 630 1082 667 oraverunt.
1107 621 1209 666 Hoc
1231 636 1532 683 summopere
1551 617 1827 684 flagitabant

404 698 673 746 Normanni
687 734 700 756 ,
724 700 806 765 qui
830 716 920 763 pro
943 697 1065 745 fasce
1083 698 1226 762 regali
1252 695 1569 743 nanciscendo
1589 713 1674 742 suo
1696 697 1827 760 prin-

403 776 495 840 cipi
521 775 773 823 subierunt
797 777 962 841 ingens
989 776 1243 823 discrimen
1271 776 1413 821 maris
1444 785 1491 822 et
1524 774 1695 838 praelii.
1725 775 1826 820 Hoc

403 855 546 901 etiam
571 854 737 901 divino
767 866 891 901 nutu
917 853 1098 901 subacti
1125 854 1358 918 optabant
1389 853 1625 919 indigenae
1658 853 1822 916 regni,

401 933 483 997 qui
518 933 608 979 nisi
646 944 878 980 coronato
906 934 1004 998 regi
1038 934 1215 980 servire
1248 932 1473 979 hactenus
1507 942 1644 979 erant
1675 931 1820 978 soliti.

466 1013 535 1058 Eo
560 1021 775 1076 tempore
805 1011 1064 1059 Adelredus
1090 1012 1109 1074 ζ
1120 1012 1164 1075 1)
1193 1011 1507 1058 Eboracensis
1537 1009 1824 1074 metropoli—

403 1100 539 1135 tanus
561 1097 678 1136 erat.
705 1090 793 1135 Hic
817 1090 1092 1154 eequitatcm
1114 1090 1246 1136 valde
1269 1107 1446 1146 amans,
1469 1105 1571 1135 eevo
1590 1097 1823 1145 maturus,

401 1168 606 1231 sapiens,
629 1167 785 1214 bonus
804 1177 851 1214 et
868 1167 1112 1232 eloquens,
1132 1167 1297 1212 multis
1314 1165 1573 1212 virtutibus
1591 1165 1822 1230 fulgebat,

401 1256 449 1291 ct
473 1263 557 1309 per
581 1245 772 1309 vestigia
800 1256 994 1309 patrum
1018 1262 1177 1309 regem
1202 1261 1365 1308 regum
1394 1243 1521 1290 adire
1538 1243 1716 1307 jugiter
1739 1259 1825 1305 ap-

400 1323 603 1388 petebat.
644 1323 897 1388 Stigandus
939 1334 1098 1370 autem
1134 1322 1487 1369 cantuariensis
1523 1320 1825 1368 saecularibus

401 1404 527 1450 curis
555 1414 601 1450 ct
629 1402 811 1449 actibus
841 1403 983 1449 nimis
1016 1403 1228 1449 intentus
1262 1410 1394 1459 erat,
1431 1411 1478 1447 et
1506 1417 1596 1464 pro
1630 1397 1825 1463 quibus-

400 1482 509 1528 dam
529 1481 738 1528 reatibus
759 1481 816 1528 ab
835 1481 1106 1529 Alexandro
1124 1499 1241 1544 papa
1263 1479 1544 1526 interdictus
1560 1478 1715 1524 fuerat
1733 1478 1822 1540 (2).

467 1559 684 1624 Denique
708 1576 836 1605 anno
859 1558 917 1604 ab
944 1558 1273 1606 incarnatione
1304 1557 1499 1604 Domini
1534 1565 1726 1602 MLXV11⁰
1751 1554 1824 1617 (5)

404 1636 665 1683 indictione
690 1645 739 1683 va
770 1638 816 1682 in
840 1635 914 1683 die
945 1636 1113 1682 natalis
1134 1635 1361 1692 Domini,
1390 1634 1530 1698 Anin
1558 1633 1826 1680 Lundoniae

401 1715 456 1761 ad
475 1715 795 1761 ordinandum
814 1733 972 1780 regem
990 1724 1322 1762 convenerunt
1336 1749 1349 1771 ‚
1372 1723 1419 1760 et
1433 1712 1828 1759 Normannorum

403 1804 575 1839 turmae
600 1793 722 1838 circa
747 1793 1093 1840 monasterium
1119 1794 1168 1839 in
1194 1791 1336 1838 armis
1369 1802 1416 1838 et
1439 1790 1571 1855 equis
1599 1791 1689 1853 (ne
1714 1787 1828 1852 quid

401 1871 497 1918 doli
519 1882 566 1919 et
585 1872 831 1919 seditionis
850 1873 1083 1935 oriretur)
1102 1871 1324 1936 praesidio
1344 1869 1583 1933 dispositae
1606 1867 1826 1915 fuerunt.

403 1949 660 1996 Adelredus
687 1950 845 2014 itaque
869 1949 1251 2014 archiepiscopus
1279 1949 1328 1994 in
1348 1947 1537 1993 basilica
1559 1945 1719 1991 Sancti
1745 1945 1829 1990 Pe-

403 2028 463 2073 tri
510 2027 842 2091 apostolorum
886 2029 1117 2092 principis
1138 2064 1150 2085 ‚
1199 2046 1308 2093 quae
1344 2023 1829 2074 Westmonasterium

402 2115 727 2168 nuncupatur,
758 2105 838 2151 ubi
865 2105 1112 2152 Eduardus
1138 2124 1221 2152 rex
1248 2102 1584 2151 venerabiliter
1608 2101 1827 2148 humatus

403 2182 635 2246 quiescit,
673 2183 721 2228 in
746 2184 998 2245 praesentia
1022 2184 1280 2247 praesulum
1305 2192 1352 2228 et
1372 2179 1622 2235 abbatum,
1651 2195 1826 2242 proce-

402 2277 605 2324 rumque
649 2260 797 2306 totius
837 2261 966 2325 regni
1010 2260 1230 2307 Albionis
1248 2296 1260 2316 ‚
1299 2258 1621 2305 Guillermum
1657 2255 1827 2302 ducem

450 2464 500 2508 (1)
527 2461 684 2505 Aldred,
704 2461 931 2509 archeveque
955 2460 1089 2495 d’York
1107 2472 1153 2494 en
1177 2459 1274 2495 1060.
1294 2460 1346 2494 Ce
1370 2459 1488 2506 prelat
1512 2459 1642 2493 n’avait
1659 2468 1720 2504 pas
1740 2463 1824 2490 tou-

400 2523 505 2567 jours
528 2523 586 2556 cte
610 2521 705 2555 aussi
727 2519 1002 2568 irreprochable
1025 2532 1097 2567 que
1119 2519 1153 2554 lc
1179 2519 1234 2554 dit
1259 2526 1363 2554 notre
1381 2525 1523 2562 auteur,
1551 2524 1587 2552 et
1614 2516 1646 2550 le
1669 2528 1760 2562 pape
1780 2528 1824 2550 ne

404 2582 522 2616 s'ctait
532 2581 738 2616 determine
751 2581 1116 2628 qu’apresbcaucoup
1128 2579 1346 2615 d'instanccs
1358 2581 1377 2613 a
1389 2578 1439 2613 lui
1451 2588 1606 2623 envoyer
1615 2575 1648 2609 le
1660 2575 1821 2621 pallium.

449 2642 499 2687 (2)
524 2641 680 2688 Stigaud
697 2642 791 2676 avait
809 2642 867 2675 ete
894 2640 1079 2688 suspendu
1104 2640 1234 2687 depuis
1252 2639 1475 2686 long-temps
1499 2636 1543 2670 de
1563 2646 1616 2670 scs
1643 2635 1825 2669 fonctions

404 2699 728 2747 archiepiscopales
745 2711 809 2747 par
824 2699 856 2734 lc
871 2712 962 2746 papc
977 2698 1180 2735 Alexandro
1197 2699 1246 2732 ΙΙ.

451 2757 501 2802 (3)
530 2761 623 2793 {sisoz
652 2760 748 2794 1066.
777 2761 890 2795 Non-0:
914 2768 1043 2795 autmu-
1068 2760 1255 2806 n'indiquc
1288 2757 1369 2803 1007
1390 2768 1459 2802 quc
1483 2767 1587 2801 parce
1615 2754 1702 2801 quil
1723 2766 1823 2789 coni-—

408 2830 532 2853 monce
552 2819 689 2853 Fanum*
711 2823 726 2854 ξι
748 2820 850 2854 Noti.
