1951 3194
541 190 691 228 LIBER
721 189 961 237 QUINTUS.
1389 192 1465 228 397

64 271 282 319 solertem
296 280 341 316 ct
360 270 599 325 idoneum,
623 270 679 315 ad
701 270 950 333 regendam
964 268 1158 315 domum
1177 267 1264 314 sibi
1283 270 1463 316 socium

62 346 219 410 elegit,
243 346 404 409 illique
426 346 789 410 praeposituram
813 343 1084 391 monasterii
1111 345 1180 390 sui
1205 345 1459 391 commisit.

61 424 147 469 Hic
170 440 338 487 nempe
361 423 582 470 Fulconis
605 422 766 469 decani
801 421 1101 468 Ebroicensis
1126 421 1249 467 filius
1271 421 1386 479 fuit,
1415 433 1462 469 et

61 500 108 545 in
131 500 296 547 ordine
316 499 531 564 flagrans,
553 497 769 545 abbatem
795 515 930 543 suum
951 497 1203 561 diligenter
1227 498 1274 544 in
1301 500 1463 545 omni-

59 576 145 622 bus
168 577 369 641 adjuvit;
398 588 576 640 patrem
598 592 788 639 quoque
807 592 968 631 suum,
992 592 1302 639 magnamque
1321 576 1464 638 patri-

60 654 206 700 monii
234 654 302 699 sui
327 663 509 717 partem
536 651 740 699 ecclesiae
765 668 860 696 suae
886 651 1096 696 attraxit.
1126 651 1354 697 Praefatus
1377 652 1464 698 de·-

59 749 201 777 canus
224 749 279 777 ex
298 730 536 793 discipulis
560 728 772 774 Fulberti
797 727 1098 774 Carnotensis
1122 729 1325 792 episcopi
1352 729 1460 786 fuit,

57 821 104 855 et
121 827 176 855 ex
196 819 387 872 paterna
405 806 678 854 haereditate
696 804 890 852 feudum
908 805 1072 851 militis
1090 806 1310 869 possedit.
1334 807 1462 853 Illius

57 886 196 931 etiam
220 884 444 948 temporis
464 886 560 930 ritu
585 881 795 931 nobilem
818 883 992 930 sociam
1013 883 1207 930 nomine
1226 884 1462 930 Orieldem

58 960 221 1006 habuit
246 961 338 1023 (1),
374 978 428 1006 ex
453 978 542 1025 qua
570 960 805 1023 copiosam
837 959 1022 1023 prolem
1049 960 1307 1024 generavit.
1342 961 1462 1007 Octo

56 1037 183 1082 enim
209 1035 330 1082 filios
354 1035 518 1082 habuit
543 1045 589 1082 et
610 1035 721 1081 duas
741 1034 883 1093 filias,
911 1051 1118 1099 quorum
1141 1036 1335 1082 nomina
1362 1036 1461 1082 haec

57 1124 167 1158 sunt
194 1133 204 1157 z
233 1111 495 1169 Guarinus,
523 1111 839 1168 Christianus,
864 1111 1115 1169 Radulfus,
1151 1112 1458 1172 Guillelmus,

59 1190 221 1246 Fulco,
245 1190 600 1245 Frodmundus,
632 1189 872 1236 Hubertus
905 1199 952 1236 et
983 1188 1242 1246 Galterius,
1277 1207 1462 1254 cogno—

59 1278 221 1314 mento
247 1267 450 1313 Tirellus
481 1268 550 1330 (2)
566 1287 577 1324 ;
611 1267 781 1314 Alwisa
806 1277 853 1312 et
877 1265 1094 1312 Adelidis.
1121 1267 1258 1312 Tunc
1285 1267 1463 1331 quippe

61 1344 107 1389 in
132 1344 347 1390 Neustria
374 1354 480 1407 post
505 1344 758 1390 adventum
783 1343 1171 1390 Normannorum
1201 1343 1249 1388 in
1278 1353 1463 1390 tantum

57 1421 280 1468 dissoluta
304 1431 403 1467 erat
426 1421 608 1466 castitas
632 1421 935 1476 clericorum,
962 1430 1014 1465 ut
1038 1437 1137 1466 11011
1162 1420 1314 1467 solum
1338 1438 1463 1484 pres-

59 1497 121 1561 by
130 1498 213 1544 teri
227 1533 239 1554 ,
261 1498 339 1543 sed.
357 1497 494 1543 etiam
513 1496 733 1560 praesules
753 1495 899 1543 libere
919 1506 1166 1543 uterentur
1184 1496 1333 1543 thoris
1350 1515 1461 1544 con-

59 1574 357 1630 cubinarum,
381 1584 427 1620 et
443 1573 596 1636 palam
610 1572 909 1636 superbirent
929 1572 1181 1636 multiplici
1201 1574 1461 1636 propagine

58 1651 263 1697 liliorum
290 1668 340 1696 ac
371 1650 592 1696 filiarum.
620 1649 952 1713 Hujuscemodi
978 1667 1079 1697 mos
1113 1650 1310 1697 inolevit
1335 1662 1460 1698 tem-

56 1745 171 1791 pore
186 1727 558 1793 neophytorum,
575 1727 657 1792 qui
676 1744 783 1773 cum
800 1727 1004 1774 Rollone
1023 1726 1244 1791 baptizati
1265 1739 1395 1788 sunt,
1413 1739 1458 1776 et

56 1804 309 1851 desolatam
326 1805 593 1867 regionem,
618 1820 716 1850 non
734 1804 926 1861 litteris,
951 1803 1028 1850 sed
1045 1804 1185 1849 armis
1208 1805 1454 1863 instructi,

58 1881 289 1927 violenter
313 1881 600 1927 invaserunt.
630 1880 808 1927 Deinde
829 1881 996 1944 presby
1007 1882 1091 1927 teri
1117 1881 1174 1927 de
1197 1883 1343 1946 stirpe
1367 1883 1459 1929 Da-

58 1976 240 2015 corum,
258 1959 427 2005 litteris
442 1959 648 2004 tenuiter
668 1957 845 2014 edocti,
867 1958 1136 2021 parrochias
1157 1959 1397 2016 tenebant,
1414 1971 1460 2007 et

58 2055 182 2082 arma
202 2036 403 2083 ferentes
419 2073 430 2093 ,
457 2036 665 2082 laicalem
687 2035 882 2081 feudum
904 2035 1096 2081 militari
1122 2036 1350 2082 famulatu
1374 2038 1458 2084 de-

58 2112 329 2159 fendebant.
349 2113 559 2159 Tandem
578 2112 740 2158 Bruno
755 2111 1086 2176 Lotharingus,
1108 2113 1341 2160 Tullensis
1358 2115 1458 2178 epi-

58 2209 246 2254 scopus,
283 2191 477 2236 Romam
502 2191 669 2236 ascitus
697 2201 789 2246 est,
817 2192 1007 2255 Deoque
1038 2191 1333 2255 dispensante
1363 2195 1457 2240 Leo

103 2379 152 2422 (1)
178 2378 282 2412 Cette
306 2377 436 2423 phrase
463 2376 602 2423 signilie
629 2377 708 2424 qu’a
737 2377 901 2425 l’epoque
926 2379 973 2411 ou
1000 2378 1106 2412 vivait
1133 2379 1312 2427 Foulques
1340 2381 1385 2414 ler
1411 2381 1455 2415 (le

57 2436 335 2479 Guernauville,
367 2436 416 2470 les
442 2436 636 2471 chanoines
658 2449 702 2470 ne
727 2449 762 2470 se
788 2438 972 2483 croyaient
997 2438 1197 2473 nullement
1220 2441 1388 2475 astreints
1411 2454 1454 2475 au

58 2495 199 2529 celibat.

104 2556 154 2597 (2)
184 2553 210 2586 ll
237 2565 280 2586 nc
313 2553 386 2586 saul.
412 2566 472 2599 pas
499 2554 697 2587 consondrc
723 2566 761 2587 cc
791 2566 1012 2601 personnage
1041 2568 1122 2589 avec
1150 2568 1211 2589 son
1237 2557 1455 2604 homonynu-

58 2614 210 2648 stantior
228 2613 356 2658 '1‘51-01,
374 2613 623 2647 ‹le11xic-1nodu
645 2626 740 2656 nom,
758 2615 926 2659 seigneur
945 2615 988 2649 de
1007 2617 1106 2657 l'oix‚
1130 2618 1237 2663 ‹111⁷0n
1254 2619 1345 2651 croit
1359 2620 1456 2653 avoir

60 2674 116 2705 cte
138 2672 169 2705 le
188 2672 382 2705 nunu-trior
403 2673 453 2705 1111
463 2672 638 2706 olontaire
657 2673 700 2706 (le
719 2672 1121 2708 Guillaunw-lc-lloux.
