1951 3194
618 228 771 266 LIBER
800 227 1040 276 QUINTUS.
1459 228 1536 266 469

127 306 254 353 Istud
271 318 426 354 autem
444 306 625 353 donum
644 323 803 353 coram
823 305 1020 352 domino
1042 303 1288 350 Rodberto
1313 304 1386 366 (1)
1413 304 1537 367 apud

126 385 356 431 lvereium
381 383 474 430 fuit
497 383 696 442 factum,
724 383 823 446 ipso
853 382 1142 430 concedente
1167 399 1276 427 cum
1302 380 1410 427 filiis
1441 381 1535 426 suis

124 460 344 507 Ascelino
372 460 565 517 Goello,
602 470 648 506 et
682 459 960 506 Guillelmo.
1000 460 1101 522 Ipse
1133 458 1363 523 quidquid
1388 457 1435 503 in
1461 474 1539 503 ea-

125 538 232 584 dem
254 538 363 584 villa
391 536 591 583 habebat
621 537 867 592 concessit,
896 553 985 599 pro
1011 553 1101 599 qua
1129 553 1180 581 re
1212 545 1369 581 totum
1400 533 1540 581 bene-

127 615 285 660 ficium
314 615 404 662 loci
436 625 481 661 et
505 632 646 660 unam
668 614 854 659 unciam
885 614 988 659 auri
1018 613 1212 676 recepit.
1244 613 1351 659 Non
1383 612 1538 659 multo

126 703 232 755 post
260 692 453 738 stimulo
477 692 628 756 gravis
656 690 813 737 morbi
846 691 1074 736 divinitus
1108 692 1157 736 in
1191 689 1406 737 verendis
1436 708 1540 754 per—

127 787 282 814 cussus
314 778 408 824 est,
451 780 673 832 metuque
701 767 869 813 mortis
903 766 1161 813 monachus
1192 767 1429 813 Beccensis
1459 765 1540 812 ab·

126 844 267 891 batiae
289 844 438 890 factus
465 855 550 891 est.
579 844 821 891 Ascelinus
838 854 994 890 autem
1020 843 1235 900 Goellus,
1264 843 1388 889 filius
1412 845 1536 905 ejus,

128 921 427 968 haereditario
446 924 553 985 jure
576 922 920 986 patrimonium
945 923 1041 985 ejus
1061 919 1303 976 obtinuit,
1327 930 1374 966 et
1398 920 1544 967 famo-

128 1000 187 1043 sis
212 998 503 1045 facinoribus
532 1016 669 1062 super
697 1016 860 1045 omnes
891 997 1183 1044 contribules
1213 1014 1319 1044 suos
1347 997 1429 1043 diu
1458 997 1546 1042 cla-

129 1078 243 1123 ruit.
272 1077 487 1122 Castrum
513 1078 640 1123 enim
664 1076 785 1141 apud
811 1075 1162 1123 Brehervallum
1183 1076 1253 1139 (2)
1281 1074 1544 1121 munitissi-

130 1173 263 1200 mum
294 1155 559 1200 construxit
573 1191 586 1211 ,
623 1155 848 1220 saevisque
870 1152 1177 1218 praedonibus
1199 1153 1255 1198 ad
1278 1153 1543 1199 multorum

131 1233 387 1295 perniciem
417 1232 631 1296 replevit.
666 1232 837 1278 Arcem
862 1231 1003 1277 Ibreii
1033 1230 1202 1276 furtim
1229 1247 1336 1275 cum
1360 1229 1542 1293 ingenti

131 1309 382 1356 ealliditate
402 1309 575 1372 coepit,
599 1309 942 1373 dominumque
958 1325 1095 1354 suum
1113 1307 1422 1355 Guillelmum
1441 1307 1546 1352 Bre-

134 1386 379 1432 toliensem
416 1386 544 1433 bello
578 1388 760 1432 victum
796 1384 1184 1450 comprehendit,
1221 1395 1267 1432 et
1301 1385 1348 1430 in
1387 1384 1546 1430 arctis-

132 1464 251 1509 simo
277 1481 460 1509 carcere
491 1464 697 1527 graviter
730 1464 957 1510 coercuit.
992 1462 1122 1509 Mille
1156 1461 1299 1508 libras
1330 1463 1546 1508 Drocen-

134 1542 255 1586 sium
275 1553 320 1587 et
338 1540 547 1604 praefatae
564 1542 709 1586 turris
727 1541 908 1605 asylum
927 1539 986 1586 ab
1009 1540 1090 1586 illo
1108 1556 1198 1603 pro
1216 1540 1545 1603 redemptione

135 1619 368 1665 violenter
387 1620 608 1675 extorsit,
638 1629 683 1665 et
710 1617 855 1664 Isahel
879 1618 1022 1664 filiam
1050 1619 1147 1680 ejus
1169 1634 1365 1663 uxorem
1385 1616 1543 1670 duxit,

134 1714 189 1742 ex
219 1714 308 1761 qua
335 1714 401 1742 vu
432 1696 553 1743 filios
583 1697 764 1760 genuit.
800 1696 886 1740 Hic
917 1713 1025 1741 cum
1062 1712 1210 1742 uxore
1243 1712 1322 1739 sua
1358 1704 1403 1740 et
1438 1693 1545 1739 filiis

134 1790 297 1819 omnes
318 1790 413 1828 reS,
443 1790 556 1837 quas
584 1783 768 1818 sanetus
796 1771 1026 1817 Ebrulfus
1053 1771 1109 1818 de
1133 1770 1276 1816 feudo
1296 1772 1391 1832 ejus
1412 1768 1547 1816 habe-

134 1847 215 1892 bat
232 1883 245 1903 ,
270 1847 467 1894 Vilerias
491 1848 666 1894 scilicet
689 1848 924 1903 vastatas,
952 1856 998 1893 et
1021 1846 1322 1892 medietatem
1346 1845 1541 1891 decimae

136 1924 192 1970 de
217 1925 517 1971 Montinneio
543 1925 614 1986 (5)
644 1924 894 1978 concessit,
925 1934 970 1970 et
1004 1923 1111 1970 inde
1144 1941 1201 1970 ex
1231 1923 1423 1968 caritate
1451 1940 1546 1968 mo-

136 2001 395 2048 nachorum
423 2018 481 2047 Lx
506 2001 678 2048 solidos
703 2000 890 2056 habuit,
919 2011 965 2046 et
992 1999 1203 2046 chartam
1229 2000 1543 2045 concessionis

138 2097 233 2125 suae
262 2079 383 2143 apud
411 2079 763 2126 Brehervallum
797 2078 1112 2126 confirmavit.
1154 2078 1280 2124 Idem
1310 2077 1402 2124 alio
1433 2088 1547 2123 tcm-

139 2175 280 2221 pore,
316 2157 440 2221 apud
470 2158 522 2203 Β.
552 2158 792 2204 Helerium
816 2158 888 2220 (4)
921 2157 969 2201 in
1001 2155 1144 2202 domo
1173 2154 1544 2209 monachorum,

187 2311 238 2353 (1)
263 2309 313 2343 Ce
330 2308 486 2349 Robert,
512 2308 596 2354 pere
614 2306 795 2341 d’Ascelin
813 2306 951 2349 Gouel,
972 2318 1015 2339 ne
1034 2305 1180 2352 pouvait
1197 2305 1274 2339 etro
1291 2305 1462 2350 seigneur
1480 2317 1552 2351 que

143 2369 188 2403 de
206 2367 330 2402 Brcval
353 2373 390 2400 et
408 2378 492 2400 nom
520 2365 646 2406 d'Ivri,
669 2377 810 2399 comme
825 2377 873 2399 on
895 2364 938 2398 l'a
958 2366 1088 2398 avance'
1103 2366 1121 2397 {1
1138 2370 1226 2397 tort.
1242 2362 1433 2397 Petit—&tre
1451 2374 1551 2397 com-

143 2426 348 2461 mandait-il
370 2425 459 2459 dans
483 2431 576 2458 cette
602 2424 770 2458 derniere
792 2423 891 2470 place
917 2436 1010 2470 pour
1035 2423 1068 2456 le
1093 2422 1163 2456 duc
1183 2421 1227 2456 de
1252 2421 1477 2456 Normandie
1505 2434 1553 2455 011

144 2500 238 2534 pour
252 2485 462 2521 Guillaume
481 2484 525 2518 de
543 2483 716 2517 Breteuil.

191 2548 240 2591 (2)
266 2545 390 2579 Breval
408 2543 737 2588 (Seine-et-Oise),
760 2550 862 2577 entre
880 2543 962 2576 Paci
981 2549 1016 2576 et
1036 2541 1210 2588 Septeuil.

191 2605 242 2651 (5)
267 2604 546 2639 Probahlement
570 2604 974 2649 Montigni-sur-Avre‚
997 2603 1079 2648 pres
1099 2601 1347 2635 Nonancourt.

192 2667 241 2710 (4)
266 2663 531 2705 saint-Hillier,
549 2664 631 2709 pres
647 2662 785 2696 Breval.
802 2662 852 2696 Ce
866 2661 939 2696 lieu
952 2661 1041 2694 etait
1057 2659 1169 2694 divise
1182 2671 1227 2693 en
1246 2658 1339 2693 deux
1358 2657 1550 2704 paroisse>7

148 2725 237 2759 dont
253 2724 347 2757 l'unc
369 2739 373 2757 z
395 2720 833 2759 Saint—llitlicr-la-Ville,
851 2720 1076 2766 apparwnait
1092 2732 1135 2753 311
1152 2718 1293 2753 diocese
1307 2717 1351 2751 dc
1365 2717 1549 2752 Chartms,
