1951 3194
347 250 427 288 470
715 251 960 289 HISTORIA
992 251 1394 290 ECCLESIASTICA.

346 339 508 376 sancto
538 328 746 376 Ebrulfo
779 331 1008 377 concessit
1040 340 1093 376 ut
1125 348 1268 378 omne
1305 331 1571 379 dominium
1607 336 1704 398 ejus
1736 353 1760 381 a

346 408 555 472 passagio
586 405 792 454 liberum
826 418 942 455 esset.
968 409 1016 455 in
1041 409 1123 456 illo
1149 408 1282 467 loco,
1319 419 1367 456 et
1400 411 1449 456 in
1475 411 1606 457 omni
1637 422 1761 459 terra

347 487 461 548 ejus.
484 484 589 529 Filii
609 501 802 549 quoque
819 487 916 549 ejus
935 485 1206 534 Rodbertus
1227 497 1273 534 et
1291 487 1573 535 Guillelmus
1591 505 1763 553 cogno-

349 569 513 607 mento
530 560 756 624 Lupellus
775 563 1083 626 postmodum
1103 574 1453 621 concesserunt,
1477 564 1764 630 firmumque

350 649 566 686 tenorem
588 638 669 686 diu
696 639 841 687 modo
869 651 1127 689 tenuerunt
1151 643 1242 706 (1).

413 717 551 782 Hugo
574 718 784 782 Paganus
819 719 1204 784 Crassa-Lingua,
1233 730 1280 767 et
1300 719 1457 784 Agnes
1487 737 1608 768 uxor
1640 724 1762 785 ejus,

347 803 488 859 atque
509 794 668 842 Guido
691 795 815 842 filius
835 813 1002 844 eorum
1022 808 1355 844 concesserunt
1378 808 1540 845 sancto
1559 797 1765 846 Ebrulfo

349 872 730 919 vicecomitiam:
769 873 816 920 id
849 884 917 921 est
947 875 1164 931 viariam,
1192 886 1421 940 quantam
1444 874 1681 923 habebant
1716 876 1764 922 in

348 948 556 995 villariis
581 950 800 1008 Vastatis,
828 963 875 998 et
891 950 955 999 ob
980 951 1069 998 hoc
1098 970 1118 997 a
1143 952 1386 999 monachis
1410 953 1652 1018 quondam
1672 971 1766 999 sus-

348 1039 577 1091 ceperunt
599 1046 630 1075 x
652 1029 825 1077 solidos
846 1040 892 1077 et
914 1047 1063 1075 unum
1090 1031 1213 1077 cervi
1238 1031 1441 1086 corium,
1463 1041 1510 1077 et
1527 1031 1619 1078 alio
1643 1041 1765 1078 tem-

347 1122 464 1168 pore
500 1122 562 1151 xx
599 1106 791 1154 solidOS.
831 1106 978 1154 Filius
1019 1118 1176 1154 autem
1210 1125 1241 1154 x
1274 1108 1447 1155 solidos
1481 1109 1764 1156 Medanten-

347 1182 468 1227 sium
486 1200 575 1246 pro
593 1185 896 1232 concessione
912 1185 1104 1248 recepit.
1121 1184 1343 1231 Chartam
1359 1202 1472 1232 vero
1489 1184 1625 1249 hujus
1640 1185 1763 1249 pacti

346 1257 585 1307 Johannes
608 1261 851 1309 Remensis
865 1298 878 1319 ‚
920 1262 1250 1327 praeloquente
1280 1264 1479 1328 Hugone
1504 1263 1765 1310 Fraisnello

348 1347 456 1384 ante
497 1338 670 1384 turrim
705 1339 993 1388 Brehervalli
1033 1339 1254 1398 dictavit,
1292 1352 1340 1387 et
1378 1342 1516 1405 Hugo
1554 1341 1764 1405 Paganus

349 1431 457 1460 cum
483 1415 576 1462 suis
601 1417 920 1464 confirmavit.
956 1419 1068 1464 Post
1099 1417 1293 1482 aliquod
1328 1417 1555 1482 temporis
1588 1416 1765 1481 praefa-

348 1505 423 1540 tus
447 1495 592 1559 Hugo
615 1496 875 1543 monachus
899 1496 1050 1542 factus
1075 1506 1166 1553 est;
1199 1506 1245 1543 et
1268 1496 1352 1542 filii
1381 1498 1476 1560 ejus
1503 1495 1760 1550 Rodfflfus,

349 1572 514 1619 Simon
548 1583 594 1620 et
628 1573 898 1621 Rodhertus
930 1572 1175 1621 monachis
1204 1575 1549 1621 vicecomitiam
1579 1572 1764 1619 auferre

349 1649 503 1695 moliti
543 1661 670 1697 sunt.
707 1651 929 1698 Monachi
962 1669 1103 1707 vero,
1141 1662 1194 1697 ut
1231 1651 1386 1697 habita
1429 1652 1477 1697 in
1512 1668 1624 1716 pace
1659 1667 1766 1714 pos-

348 1725 581 1784 siderent,
616 1727 852 1787 Roduffo,
887 1729 970 1793 qui
999 1728 1345 1792 primogenitus
1378 1738 1498 1787 erat,
1533 1727 1766 1774 dederunt

349 1813 539 1850 centum
567 1815 612 1851 et
635 1804 796 1852 decem
821 1805 995 1852 solidos
1021 1822 1334 1851 nummorum
1352 1804 1735 1851 Medantensium
1749 1839 1761 1859 ‚

347 1879 626 1945 Simonique
656 1882 870 1946 quinque
905 1880 1106 1938 solidos,
1145 1893 1191 1928 et
1225 1880 1468 1928 Rodberto
1502 1878 1766 1927 subtolares

349 1958 630 2006 corduanos.

414 2037 557 2084 Anno
588 2055 685 2103 quo
715 2038 908 2086 Goellus
943 2037 1065 2085 obiit
1100 2039 1194 2101 (2),
1234 2037 1503 2084 Alexander
1540 2047 1587 2084 et
1614 2036 1768 2084 Gisle-

348 2223 385 2250 et
401 2215 553 2250 l’autre:
576 2215 1014 2259 Saint-Hillier-le-Bois,
1038 2228 1083 2250 au
1107 2215 1249 2249 diocese
1269 2207 1460 2249 d’Evreux.
1487 2215 1588 2250 Nous
1611 2226 1767 2261 pensons

348 2287 420 2322 que
437 2275 470 2308 la
488 2276 626 2310 maison
644 2276 706 2310 des
721 2276 860 2310 moines
879 2275 971 2309 dont
991 2274 1089 2322 parle
1104 2281 1208 2308 notre
1227 2281 1369 2316 auteur,
1390 2274 1477 2308 etait
1490 2286 1541 2308 un
1554 2274 1703 2320 prieure
1722 2273 1767 2308 de

348 2334 548 2370 Coulombs
568 2337 587 2369 a
607 2334 1060 2377 Saint-Hillier—la-Ville‚
1082 2334 1145 2382 qui
1164 2335 1288 2368 n'aura
1310 2346 1372 2380 pas
1398 2334 1552 2368 subsiste
1571 2333 1717 2380 jusqu’a
1734 2333 1767 2367 la

350 2395 554 2429 revolution
565 2423 573 2437 ‚
591 2408 651 2430 car
664 2395 688 2429 il
707 2395 789 2430 n'en
804 2402 858 2430 est
872 2407 933 2441 pas
949 2393 1049 2441 parle
1063 2393 1151 2427 dans
1165 2393 1366 2427 l'excellent
1380 2392 1521 2427 Pouilie
1535 2392 1580 2427 de
1594 2392 1767 2427 Chai-tres

354 2453 399 2488 de
422 2453 522 2502 1758.
542 2454 648 2489 Cette
666 2454 802 2501 abbaye
821 2454 1020 2501 presentait
1033 2455 1052 2488 ἐι
1069 2453 1101 2487 la
1121 2465 1220 2487 cure.

396 2517 448 2558 (1)
476 2515 576 2549 Nous
603 2527 756 2562 croj-ons
783 2514 913 2549 inutile
939 2514 1100 2548 d'entrcr
1125 2513 1170 2547 ici
1198 2512 1287 2547 dans
1309 2524 1427 2546 aucun
1457 2510 1567 2546 detail
1595 2523 1656 2545 sur
1673 2517 1768 2545 cette

352 2574 504 2617 familie,
535 2587 641 2621 parce
665 2587 737 2622 que
765 2586 856 2609 nous
883 2587 928 2609 en
952 2581 1167 2608 trouverons
1191 2585 1263 2607 une
1284 2572 1472 2607 meilleure
1493 2571 1658 2606 occasion
1685 2570 1767 2617 plus

352 2634 448 2668 tard.

398 2693 447 2736 (¹2)
474 2692 589 2727 Notm
603 2700 735 2728 auteur
749 2694 867 2728 aui-ait
880 2693 1001 2727 mieux
1017 2692 1081 2726 fait
1097 2691 1142 2726 de
1157 2703 1248 2726 nous
1266 2690 1346 2725 dire
1363 2701 1407 2724 en
1421 2687 1541 2737 quelle
1560 2688 1674 2723 annee
1693 2687 1766 2722 cela

355 2763 390 2784 so
416 2763 533 2797 passa,
562 2765 631 2799 que
653 2753 697 2787 dc
717 2753 788 2788 s'cn
816 2753 911 2789 tenir
929 2755 946 2787 a
967 2765 1016 2787 un
1041 2751 1315 2797 synchronisme
1340 2750 1400 2796 qui
1429 2761 1472 2784 ne
1492 2760 1582 2783 nous
1605 2745 1766 2794 apprend
