1951 3194
167 233 305 282 [1063]
662 230 813 269 LIBER
842 228 1075 269 TERTIUS.
1521 234 1572 270 97

166 311 512 369 humillimam,
540 322 583 356 et
609 313 868 357 orationem
887 329 978 377 pro
1001 328 1145 377 posse
1168 310 1402 358 devotam.
1434 311 1574 375 Quo-

163 390 298 434 niam
328 399 441 435 ante
469 406 627 434 omnes
661 400 704 434 et
727 406 872 453 super
898 407 1060 436 omnes
1086 387 1297 435 ecclesiae
1322 392 1571 453 praelatos,

162 466 371 513 Domine
401 478 562 532 pater,
600 477 809 512 vestrum
847 477 915 512 est
953 468 1002 513 in
1043 467 1256 514 universo
1289 466 1397 513 orbe
1433 470 1575 514 totius

163 542 525 590 christianitatis
547 542 914 590 sollicitudinem
934 561 1120 607 gerere,
1143 545 1416 591 animarum
1440 545 1577 593 lucra

162 622 353 668 ardenti
379 621 615 667 desiderio
641 638 879 684 quoerere,
915 621 1249 669 discordantes
1277 622 1348 668 ad
1374 640 1577 670 concor—

161 697 297 743 diam
322 708 483 743 vestra
508 698 793 743 auctoritate
817 713 1038 743 revocare
1051 719 1073 752 5
1100 697 1281 744 idcirco
1309 717 1397 762 ego
1424 699 1576 747 abbas

160 776 352 837 ignotus
358 811 373 831 ,
403 774 527 819 intra
556 774 794 837 gremium
825 784 982 819 tamen
1007 784 1175 819 vestra>
1208 775 1444 820 custodie&
1467 794 1577 822 ma-

161 869 304 907 nens,
341 851 410 896 ad
439 868 525 897 vos
557 862 789 914 tanquam
817 850 888 896 ad
910 850 1324 896 clementissimum
1357 853 1580 899 consola-

162 940 308 974 torem
321 966 337 987 )
375 940 544 994 aperta
577 946 697 975 voce
706 966 722 986 ,
759 945 827 973 esc
855 939 951 974 toto
982 929 1091 974 nisu
1123 931 1290 974 mentis
1323 929 1574 985 exclamo,

150 1023 321 1071 preces
330 1005 498 1068 fundo
507 1043 523 1062 ,
555 1005 784 1052 solatium
811 1005 1041 1070 imploro,
1072 1017 1122 1051 ut
1151 1024 1223 1051 me
1248 1024 1339 1070 per
1365 1008 1579 1070 gratiam

158 1095 363 1130 vestram
391 1102 421 1129 a
446 1083 660 1147 quadam
684 1084 866 1129 ordinis
890 1084 1042 1129 nostri
1050 1083 1383 1147 fluctuatione
1391 1121 1407 1142 ‚
1432 1102 1576 1148 quam

151 1163 335 1227 patior,
375 1162 636 1208 secundum
677 1162 1010 1208 rectitudinem
1050 1163 1356 1208 auctoritatis
1400 1164 1579 1227 eripere

158 1239 443 1303 dignemini.
470 1239 976 1303 Cujusfluctuationis
1000 1257 1151 1285 causa
1175 1239 1280 1285 ltcec
1298 1251 1383 1286 est.
1408 1240 1581 1287 Sancti

158 1315 350 1379 Ebrulfi
374 1315 620 1362 abbatiam
658 1318 834 1380 (quam
864 1335 952 1381 ego
986 1335 1114 1363 nunc
1144 1318 1302 1379 teneo)
1333 1318 1577 1381 quondam

157 1405 269 1440 ante
282 1412 355 1440 me
367 1394 570 1441 domnus
586 1395 737 1441 abbas
754 1395 1025 1441 Rodbertus
1044 1396 1432 1459 consanguineus
1449 1397 1522 1443 W
1523 1396 1577 1442 il-

159 1469 292 1516 {elmi
321 1470 594 1518 Normanni
626 1470 794 1516 militis
817 1469 989 1535 fidelis
1022 1472 1171 1516 vestri
1212 1481 1455 1526 tenuerat,·
1491 1472 1579 1518 sed

158 1546 368 1610 quodam
408 1547 648 1594 contrario
686 1547 781 1593 sibi
819 1548 1122 1611 contingente
1158 1564 1263 1593 eam
1305 1547 1500 1612 reliquit
1534 1560 1577 1594 et

156 1624 390 1671 discessit.
421 1625 655 1688 Princeps
682 1636 843 1670 autem
863 1626 1128 1690 provincia)
1152 1635 1195 1670 et
1208 1624 1413 1689 prcelati
1430 1625 1577 1671 eccle-

154 1704 242 1748 sioe
271 1721 345 1749 me
381 1704 431 1749 in
459 1703 626 1750 eodem
658 1703 757 1749 loco
789 1702 1010 1748 abbatem
1048 1705 1410 1759 constituerunt,
1447 1713 1490 1748 et·
1524 1714 1575 1748 ut

154 1779 269 1826 mihi
301 1799 445 1845 super
474 1780 564 1827 lzoc
596 1781 859 1846 trepidanti
892 1790 1198 1827 asseruerunt
1238 1790 1282 1825 et
1322 1792 1569 1838 asserunt,

153 1869 275 1903 recte
299 1876 359 1904 ac
382 1858 645 1905 secundum
670 1860 827 1904 Deum
853 1876 927 1904 me
950 1857 1292 1905 ordinaverunt
1303 1880 1324 1912 5
1348 1859 1508 1903 nescio
1529 1860 1576 1904 si

151 1952 318 1980 'verum
341 1935 525 1982 dicunt.
554 1937 664 1982 Hoc
694 1935 847 1982 solum
874 1952 940 1980 ex
965 1952 1073 1980 mea
1096 1935 1393 1980 conscientia
1401 1934 1569 1998 firmi-

153 2023 222 2057 ter
241 2013 341 2058 scio
356 2050 372 2068 ,
404 2014 520 2076 quia
544 2031 637 2058 non
652 2031 821 2079 prece,
848 2030 944 2058 non
969 2013 1152 2077 pretio,
1180 2029 1275 2058 non
1286 2010 1568 2079 familiari-

151 2099 274 2146 tate,
311 2107 407 2135 non
440 2089 694 2153 obsequio,
727 2106 814 2135 nec
848 2089 993 2135 ullius
1024 2088 1311 2134 calliditatis
1343 2090 1562 2152 ingenio,

150 2167 238 2211 sed
257 2166 360 2212 solo
385 2165 672 2212 obedientice
687 2177 935 2232 prcecepto
961 2167 1223 2230 (quantum
1252 2165 1323 2212 ad
1346 2165 1447 2229 me)
1474 2166 1566 2212 ab—

150 2241 273 2287 batis
305 2260 474 2288 nomen
506 2253 550 2288 et
578 2261 695 2288 onus
726 2244 942 2308 suscepi,
973 2253 1017 2287 et
1039 2242 1350 2306 suscipiendo
1377 2241 1563 2286 nullam

149 2319 444 2365 calumniam
462 2321 644 2367 audivi.
668 2319 908 2384 Pragfatus
927 2337 1038 2384 ergo
1060 2319 1329 2365 Rodbertus
1352 2317 1506 2363 abbas
1528 2336 1561 2365 a

147 2396 283 2442 nobis
308 2397 448 2460 longe
472 2409 741 2462 asportatus
765 2400 813 2443 in
843 2398 1094 2462 provincia
1123 2395 1369 2441 Calabriae
1393 2394 1560 2457 cujus-

147 2474 260 2520 dam
287 2476 568 2519 monasterii
584 2487 728 2538 pater
746 2486 813 2521 est
836 2475 1031 2537 effectus
1042 2511 1057 2530 ,
1084 2486 1127 2518 et
1151 2472 1220 2517 ibi
1238 2471 1450 2533 graviter
1472 2470 1558 2516 ad-

146 2569 326 2597 versum
349 2569 420 2597 me
447 2553 521 2597 ira
552 2552 753 2616 odioque
781 2565 1003 2609 movetur,
1036 2550 1380 2603 calumniaturj
1417 2564 1555 2593 com-

145 2630 382 2685 minatur,
432 2629 596 2675 dicens
641 2647 714 2674 me
755 2629 912 2674 locum
947 2645 1084 2673 suum
1123 2627 1350 2673 invasisse
1388 2637 1554 2671 contra

146 2706 316 2751 Deum.
342 2708 425 2752 Er
449 2725 544 2770 qua
570 2707 857 2752 dissentione
881 2717 923 2750 et
943 2706 1122 2751 anima?
1146 2704 1441 2749 subditorum
1468 2704 1553 2749 uti<

242 2799 291 2827 11.
1331 2798 1353 2843 7
