1951 3194
178 272 314 319 {1067}
666 269 817 307 mma
850 268 1106 316 omarus.
1517 270 1592 309 165

171 348 439 395 habendum
464 358 697 394 aeternum
731 366 888 412 regem
905 384 919 407 ,
946 350 1077 412 cujus
1102 348 1307 394 vicerint
1337 347 1589 411 praesidi03

170 425 372 471 nimium
416 426 622 489 opprimi
668 427 819 472 victos
870 443 969 472 non
1021 436 1276 490 oportel‘e3
1327 425 1592 473 victoribus

168 503 460 567 professione
500 503 751 549 christiana
787 521 947 567 pares;
986 521 1046 550 ne
1078 521 1198 568 quos
1232 506 1358 567 juste
1393 502 1594 568 subege-

169 582 293 638 rint,
321 582 503 645 injuriis
527 581 583 627 ad
607 581 935 628 rebellandum
961 593 1203 646 cogerent.
1227 581 1493 630 Seditiones
1515 583 1594 629 in-

167 658 378 715 terdixit,
402 658 577 705 caedem
598 670 644 705 et
663 676 857 706 omnem
877 659 1111 722 rapinam,
1132 659 1345 716 frenans,
1369 669 1424 705 ut
1441 677 1594 724 popu-

169 737 234 782 tos
261 736 428 791 armis,
458 736 521 780 ita
552 735 732 799 legibus
756 753 897 781 arma.
924 734 1142 782 Tributis
1167 747 1213 782 et
1240 737 1425 782 cunctis
1448 736 1591 783 rebus

164 813 220 858 ad
243 813 425 877 regium
444 812 610 858 fiscum
630 812 879 859 reddendis
894 849 904 866 ‚
926 813 1127 860 modum
1145 814 1228 878 qui
1255 831 1354 860 non
1374 825 1590 879 gravaret

168 892 407 954 imposuit.
439 892 747 946 Latrociniis,
776 890 1126 948 invasionibus,
1154 891 1399 939 maleficiis
1430 892 1589 940 locum

164 987 359 1016 omnem
380 970 504 1015 intra
525 987 632 1016 suos
659 970 890 1017 terminos
913 970 1179 1034 denegavit.
1202 971 1374 1017 Portus
1394 981 1441 1018 et
1459 989 1589 1035 quae—

165 1048 280 1094 libet
319 1048 488 1094 itinera
524 1047 904 1113 negotiatoribus
943 1058 1127 1112 patere,
1166 1059 1213 1095 et
1246 1048 1428 1095 nullam
1462 1050 1589 1113 inju-

164 1127 283 1172 riam
319 1126 419 1173 fieri
444 1128 600 1190 jussit.
631 1127 707 1173 Sic
734 1128 935 1174 omnino
960 1126 1111 1190 proba
1137 1129 1233 1191 ejus
1265 1127 1315 1173 in
1339 1127 1588 1192 regnando

164 1205 299 1250 initia
322 1203 455 1251 fuere
471 1240 484 1260 ,
519 1215 566 1250 et
594 1205 887 1250 incrementa
918 1203 1216 1268 probitatum
1237 1204 1296 1250 ad
1330 1203 1588 1251 utilitatem

165 1280 465 1327 subditorum
503 1280 688 1345 liquido
728 1280 929 1337 fulsere,
969 1298 1077 1345 quae
1108 1282 1156 1326 in
1194 1280 1335 1329 bonis
1372 1298 1589 1344 perseve-

162 1358 313 1403 rantia
349 1357 688 1421 laudabilisque
725 1358 831 1404 finis
867 1357 1163 1404 evidentibus
1189 1359 1376 1405 indiciis
1402 1358 1586 1405 confir-

162 1452 364 1480 mavere.

224 1513 445 1575 Egressus
482 1512 730 1559 Lundonia
766 1530 847 1559 rex
880 1512 976 1559 dies
1010 1512 1193 1577 aliquot
1224 1512 1272 1557 in
1306 1513 1584 1577 propinquo

161 1590 268 1636 loeo
294 1592 533 1654 Bercingis
561 1592 632 1654 (1)
667 1590 961 1646 morabatur,
989 1591 1104 1636 dum
1128 1590 1428 1637 firmamenta
1455 1607 1585 1654 quae-

160 1666 266 1712 dam
294 1667 341 1713 iu
364 1666 481 1715 urbe
511 1679 678 1716 contra
704 1667 1021 1715 mobilitatem
1052 1669 1256 1733 ingentis
1285 1686 1337 1714 ac
1368 1667 1457 1715 feri
1492 1686 1585 1732 po-

161 1745 258 1808 puli
298 1746 659 1809 perficerentur.
710 1746 926 1792 Eduinus
973 1758 1020 1792 et
1068 1747 1313 1793 Morcarus
1349 1746 1419 1809 (2)
1437 1781 1451 1803 ‚
1495 1745 1580 1792 filii

162 1823 356 1886 AElfgari
393 1824 579 1871 comitis
598 1860 612 1882 ,
649 1825 747 1871 fere
779 1824 998 1871 omnium
1028 1824 1297 1888 Anglorum
1322 1842 1494 1888 genere
1531 1842 1582 1870 ac

159 1901 370 1959 potentia
397 1902 587 1946 maximi
616 1902 672 1947 ad
695 1919 854 1966 regem
877 1903 1102 1958 veniunt,
1130 1903 1411 1966 veniamque
1432 1903 1468 1947 si
1490 1920 1582 1966 qua

165 1975 211 2019 in
236 1993 286 2021 re.
313 1988 478 2022 eontra
504 1996 611 2023 eum
636 1981 868 2026 senserint
897 1990 1127 2043 poscunt,
1155 1990 1203 2025 et
1236 1996 1281 2025 se
1315 1990 1582 2043 cunctaque

163 2070 241 2098 sua
275 2056 370 2116 ejus
401 2054 665 2101 clementiae
696 2057 907 2103 tradunt.
942 2056 1123 2104 Deinde
1157 2057 1290 2104 Coxo
1325 2061 1392 2119 (5)
1425 2076 1581 2105 comes

164 2130 446 2177 fortitudine
482 2144 527 2177 et
557 2133 796 2195 probitate
828 2136 1103 2200 singularis,
1139 2146 1185 2181 et
1218 2135 1491 2182 Turchillus
1525 2136 1581 2182 de

213 2354 263 2395 (1)
290 2352 459 2400 Barking.

211 2411 260 2455 (2)
287 2411 432 2455 Edwin,
450 2421 567 2449 comte
582 2415 626 2449 de
641 2416 793 2459 Mereie,
811 2423 847 2450 et
862 2417 1018 2458 Morcar,
1035 2424 1153 2452 comte
1172 2417 1216 2451 de
1235 2417 1519 2452 Northumbrie.
1532 2437 1577 2443 ——

167 2469 265 2503 Nous
291 2482 446 2516 pensons
468 2484 550 2506 avec
574 2481 656 2508 tous
681 2475 731 2509 les
751 2483 871 2510 autres
896 2477 1095 2511 historiens
1115 2489 1186 2523 que
1206 2488 1263 2511 ces
1282 2477 1376 2511 deux
1395 2477 1578 2523 puissants

166 2541 407 2576 personnages
423 2531 562 2565 avaient
579 2532 643 2566 sait
658 2533 737 2567 leur
752 2535 968 2568 soumission
984 2537 1002 2568 a
1015 2535 1229 2569 Guillaunie
1245 2536 1264 2569 a
1278 2534 1574 2570 Berkhanistead.

211 2587 258 2633 (5)
285 2589 335 2623 Ce
356 2602 599 2636 pcrsonnagc,
619 2592 709 2626 dont
725 2593 758 2626 le
785 2595 859 2627 vrai
878 2606 963 2628 nom
988 2602 1042 2628 est
1058 2596 1185 2640 Cops'n
1209 2594 1471 2638 administrait,
1494 2608 1577 2630 sous

165 2648 347 2684 Fautorite
372 2648 416 2684 dc
443 2650 597 2693 Mol-car,
630 2658 731 2686 toute
761 2653 792 2686 la
814 2655 961 2687 comrcc
993 2654 1108 2687 simeo
1137 2667 1179 2687 au
1208 2654 1302 2688 nord
1328 2654 1374 2689 de
1403 2655 1436 2689 la
1457 2656 1573 2702 Tyne.

167 2707 263 2741 Nous
281 2708 428 2741 zvavons
453 2721 513 2753 pas
537 2710 791 2745 connaissance
810 2711 898 2756 qu’il
918 2711 962 2744 aii
983 2711 1111 2754 jainais
1135 2714 1190 2747 eus·
1210 2713 1333 2747 reveni
1353 2713 1403 2748 du
1424 2714 1510 2749 titre
1530 2715 1575 2749 do

164 2774 291 2801 ronne.
