1951 3194
438 276 515 314 196
800 271 1046 310 HISTORIA
1077 271 1482 310 ECCLESIASTICA.
1716 275 1856 324 [1069]

434 355 583 420 pleri,
616 363 663 400 et
694 353 801 417 igne
838 353 1013 415 injecto
1042 351 1232 414 penitus
1253 351 1413 397 omnia
1440 353 1580 399 simul
1605 352 1855 408 comburi,

433 443 478 478 et
505 431 569 476 sic
596 446 791 477 omnem
815 428 1091 474 alimoniam
1121 445 1207 491 per
1237 437 1387 473 totam
1412 429 1655 492 regionem
1680 431 1857 475 Trans-

432 508 761 554 Humbranam
778 506 957 570 pariter
977 505 1223 552 devastari.
1247 505 1386 551 Unde
1407 507 1619 571 sequenti
1643 517 1858 570 tempore

432 596 530 631 tam
549 585 702 650 gravis
725 585 772 630 in
792 583 964 648 Anglia
986 583 1077 630 late
1098 584 1231 630 saevit
1250 583 1446 646 penuria
1461 619 1473 639 ‚
1492 593 1538 629 et
1557 584 1789 631 inermem
1804 601 1856 631 ac

430 663 695 727 simplicem
729 661 963 725 populum
992 670 1120 706 tanta
1149 659 1287 705 famis
1322 659 1526 705 involvit
1555 661 1772 719 miseria,
1802 671 1857 706 ut

429 739 698 786 christianae
723 739 877 803 gentis
900 738 1150 802 utriusque
1175 755 1309 783 sexus
1333 747 1381 782 et
1404 737 1562 783 omnis
1586 737 1737 783 aetatis
1763 737 1857 783 110-

427 819 580 865 mines
596 817 810 882 perirent
827 816 933 880 plus
953 834 1097 881 quam
1120 826 1312 862 centum
1335 816 1481 861 millia
1502 816 1671 879 (1).In
1691 816 1856 862 multis

428 895 741 942 Guillelmum
764 906 924 941 nostra
946 894 1154 940 libenter
1173 894 1344 940 extulit
1368 894 1559 950 relatio;
1587 894 1664 940 sed
1691 895 1738 940 in
1765 894 1855 940 hoc

427 975 557 1040 quod
595 991 689 1019 una
730 975 909 1037 justum
942 983 988 1019 et
1032 973 1263 1036 injustum
1306 971 1476 1017 tahidae
1519 972 1654 1017 famis
1695 972 1853 1018 lancea

427 1069 561 1116 aeque
583 1049 845 1105 transfixit,
874 1048 1062 1095 laudare
1090 1065 1191 1094 non
1209 1047 1375 1095 audeo.
1405 1049 1548 1102 Nam,
1570 1048 1685 1094 dum
1710 1048 1855 1094 inno-

427 1145 540 1175 cuos
567 1126 770 1172 infantes
789 1129 1080 1189 juvenesque
1108 1135 1360 1171 vernantes
1388 1135 1432 1171 et
1458 1125 1656 1172 floridos
1681 1125 1854 1171 canitie

424 1222 557 1252 senes
583 1205 706 1250 fame
735 1203 994 1267 periclitari
1020 1202 1184 1262 video,
1220 1203 1544 1249 misericordia
1575 1215 1734 1250 motus
1763 1204 1852 1249 mi-

424 1282 636 1330 serabilis
658 1281 822 1346 populi
849 1280 1141 1328 moeroribus
1163 1292 1209 1328 et
1229 1282 1546 1328 anxietatibus
1566 1283 1712 1347 magis
1737 1299 1851 1329 con-

423 1361 593 1418 doleo,
632 1378 776 1426 quam
812 1371 957 1406 tantae
990 1359 1129 1406 caedis
1165 1377 1249 1407 reo
1278 1360 1463 1406 frivolis
1499 1359 1852 1407 adulationibus

422 1439 580 1487 favere
602 1438 840 1485 inutiliter
869 1437 1052 1484 studeo.
1080 1438 1313 1485 Praeterea
1346 1437 1676 1486 indubitanter
1697 1455 1851 1486 assero

421 1517 552 1582 quod
573 1517 771 1580 impune
790 1532 890 1563 non
909 1515 1186 1562 remittetur
1206 1526 1303 1561 tam
1320 1515 1477 1562 feralis
1495 1516 1687 1563 occisio.
1713 1518 1851 1563 Sum-

421 1611 525 1641 mos
545 1593 672 1640 enim
690 1602 737 1639 et
763 1593 883 1638 imos
903 1592 1119 1638 intuetur
1134 1592 1441 1657 omnipotens
1455 1593 1603 1656 judex
1617 1629 1629 1650 ‚
1651 1605 1697 1640 et
1715 1612 1850 1660 aeque

422 1672 640 1720 omnium
658 1671 780 1717 facta
794 1671 1016 1717 discutiet
1030 1687 1082 1716 ac
1097 1672 1565 1735 punietjustissimus
1580 1672 1750 1719 vindex
1763 1709 1776 1729 ,
1795 1683 1849 1719 ut

422 1751 577 1816 palam
602 1748 826 1797 omnibus
851 1748 1026 1797 enodat
1051 1749 1133 1796 Dei
1158 1759 1383 1813 perpetua
1411 1749 1502 1796 lex.

487 1831 618 1876 Inter
638 1827 760 1875 bella
780 1827 1063 1875 Guillelmus
1088 1846 1144 1874 ex
1168 1829 1359 1875 civitate
1383 1830 1571 1875 fluenta
1597 1828 1735 1892 jubet
1765 1830 1847 1876 ad-

421 1909 536 1955 ferri
564 1925 789 1954 coronam
806 1942 819 1963 ‚
845 1906 1027 1970 aliaque
1056 1916 1336 1952 ornamenta
1360 1907 1529 1970 regalia
1561 1917 1608 1952 et
1634 1925 1735 1953 vasa
1754 1943 1766 1963 ,
1801 1918 1848 1954 et

422 1986 615 2033 dimisso
647 1985 858 2032 exercitu
891 1984 939 2030 in
965 1984 1128 2030 castris
1157 1983 1433 2031 Eboracum
1468 1985 1647 2049 pergit,
1686 1984 1847 2050 ibique

423 2064 587 2110 Natale
626 2062 880 2108 Salvatoris
917 2062 1069 2107 nostri
1111 2062 1431 2108 concelebrat.
1473 2063 1681 2108 Rursum
1714 2080 1847 2109 com-

420 2142 547 2205 perit
585 2139 756 2186 hostile
801 2139 1054 2202 collegium
1094 2140 1141 2184 in
1179 2139 1353 2204 angulo
1393 2139 1602 2204 quodam
1636 2141 1845 2204 regionis

422 2218 633 2272 latitare,
666 2217 785 2262 mari
817 2216 888 2262 vel
923 2216 1174 2279 paludibus
1197 2217 1408 2281 undique
1433 2217 1638 2263 munito.
1665 2218 1845 2264 Unicus

421 2296 574 2342 aditus
602 2313 686 2359 per
714 2293 920 2341 solidum
946 2295 1251 2351 intromittit,
1284 2295 1535 2342 latitudine
1559 2304 1746 2342 tantum
1768 2297 1845 2342 vi—

419 2373 541 2438 ginti
555 2372 729 2436 pedum
740 2380 918 2434 patens.
929 2370 1141 2416 Praedam
1154 2369 1476 2417 abundantem
1490 2381 1842 2428 contraxerant,

420 2449 571 2497 securi
601 2447 869 2512 agitabant,
901 2448 1081 2493 nullam
1112 2447 1199 2494 sihi
1226 2448 1323 2494 vim
1347 2466 1520 2496 nocere
1542 2467 1676 2513 posse
1700 2461 1842 2513 puta-

421 2526 554 2572 bant.
582 2525 830 2581 Attamen,
856 2535 911 2570 ut
931 2542 1097 2588 agmen
1125 2526 1307 2590 regium
1332 2527 1660 2590 approximare
1680 2525 1841 2572 audie-

423 2614 568 2663 runt,
592 2613 739 2650 noctu
765 2604 1047 2667 quantocius
1068 2602 1306 2652 abierunt.
1331 2605 1423 2651 Rex
1451 2604 1619 2650 ardens
1645 2603 1840 2651 infestos

466 2781 516 2825 (1)
542 2781 647 2815 Cette
675 2781 809 2815 famine
834 2782 926 2816 dura
950 2783 1041 2817 neus
1065 2785 1216 2825 aunem,
1253 2784 1342 2818 mais
1372 2795 1426 2818 ses
1453 2783 1667 2829 principaux
1692 2794 1839 2828 ravages

418 2846 549 2873 curent
568 2838 640 2872 lieu
660 2852 704 2873 en
730 2840 837 2883 1068⁷
865 2843 950 2887 1069
968 2849 1003 2875 ct
1029 2854 1129 2887 1070.
