1951 3194
395 332 474 370 278
761 330 1006 369 HISTORIA
1037 329 1441 370 ECCLESIASTICA.
1574 335 1694 382 [cmm
1716 334 1812 382 715]

395 409 524 456 tibus
557 426 609 455 ac
648 408 965 455 trementibus
996 426 1097 472 prae
1132 408 1364 457 miraculo
1395 411 1524 476 quod
1556 410 1810 468 videbant,

394 488 512 553 Pega
535 486 847 551 spiritualiter
872 496 1109 534 commota
1135 504 1320 533 sacrum
1346 505 1518 552 corpus
1539 498 1814 537 reverenter

395 565 444 611 in
465 563 688 620 sindone,
712 581 856 628 quam
875 581 931 611 eo
949 564 1139 611 vivente
1156 563 1335 629 Egbert
1356 565 1628 612 anachorita
1650 567 1699 612 in
1723 564 1814 612 hoc

395 642 599 689 officium
617 641 811 688 miserat
826 678 838 698 ,
859 641 1088 699 revolvit,
1116 652 1162 689 et
1187 641 1528 707 sarcophagum
1552 660 1692 706 super
1715 653 1817 690 ter-

393 736 496 764 ram
512 718 643 783 quasi
661 718 897 783 quoddam
917 718 1191 766 memorIale
1209 720 1390 784 posuit,
1411 718 1492 765 ubi
1511 737 1659 785 usque
1678 718 1818 767 hodie

394 795 745 844 honorabiliter
765 797 1021 861 requiescit
1041 799 1134 862 (ι).

467 873 586 920 Illuc
621 874 847 937 praefatus
879 875 987 921 exul
1012 873 1323 931 Edelbaldus,
1351 875 1507 922 audita
1543 875 1690 922 sancti
1726 874 1816 921 viri

394 963 576 1009 morte,
604 969 816 999 moerens
847 952 992 1010 adiit;
1034 954 1109 999 cui
1146 964 1256 1016 post
1279 953 1509 1018 lacrymas
1543 963 1590 1000 et
1626 953 1820 1017 longam

395 1031 664 1078 orationem
698 1031 746 1076 in
778 1031 997 1094 proxima
1033 1031 1184 1076 casula
1220 1030 1477 1078 dormienti
1520 1041 1707 1076 sanctus
1746 1029 1822 1075 vir

397 1112 618 1171 apparuit
635 1144 648 1165 ,
677 1125 880 1171 eumque
904 1107 1202 1164 consolatus,
1231 1117 1471 1170 sceptrum
1492 1107 1654 1172 regni,
1682 1115 1821 1153 ante-

398 1202 543 1250 quam
571 1202 723 1231 annus
753 1183 965 1241 finiatur,
999 1185 1238 1248 promisit.
1268 1185 1467 1248 Signum
1491 1201 1685 1249 quoque
1707 1200 1821 1247 pos-

398 1263 524 1308 centi
558 1262 714 1318 dedit,
747 1262 878 1327 quod
914 1263 961 1308 in
996 1263 1258 1308 crastinum
1291 1273 1400 1310 ante
1431 1261 1598 1309 horam
1632 1262 1823 1308 tertiam

396 1338 747 1387 habitatoribus
785 1340 1057 1387 Crulandiae
1094 1341 1324 1404 insperata
1358 1341 1510 1387 victus
1543 1339 1707 1387 solatia
1738 1338 1825 1385 da-

396 1427 584 1464 rentur.
617 1417 715 1464 Nec
740 1435 874 1464 mora
900 1418 1094 1464 effectus
1121 1417 1244 1464 dicta
1273 1418 1504 1482 sequitur.
1537 1416 1674 1463 Unde
1699 1415 1825 1462 idem

398 1493 703 1550 Edelbaldus,
721 1505 972 1559 postquam
992 1512 1194 1558 regnum
1210 1493 1404 1558 adeptus
1424 1504 1509 1550 est,
1532 1494 1666 1539 miris
1683 1509 1825 1541 orna-

400 1584 677 1620 mentorum
702 1573 954 1618 structuris
980 1573 1275 1619 mausoleum
1298 1571 1579 1619 venerahilis
1603 1570 1823 1618 Guthlaci

401 1650 658 1697 decoravit.

468 1726 673 1787 Quidam
697 1727 1033 1791 paterfamilias
1057 1728 1105 1773 in
1129 1727 1375 1790 provincia
1395 1727 1530 1772 Wisa
1555 1727 1630 1790 (2)
1660 1726 1826 1772 oculo-

402 1823 513 1851 rum
538 1804 699 1850 lumen
727 1822 811 1867 per
833 1821 1014 1850 annum
1046 1803 1277 1868 perdidit,
1313 1822 1399 1850 nec
1431 1803 1548 1850 illud
1580 1803 1688 1850 ullis
1720 1807 1826 1867 pig-

402 1892 682 1929 mentorum
709 1880 935 1928 fomentis
966 1898 1244 1945 recuperare
1270 1882 1445 1945 potuit.
1474 1880 1686 1927 Tandem
1717 1897 1827 1925 cum

406 1960 497 2007 fide
514 1959 818 2006 Crulandiam
839 1958 1112 2024 perductus,
1132 1959 1428 2021 colloquium
1441 1958 1639 2023 virginis
1652 1956 1826 2003 Christi

406 2038 542 2102 Pegae
561 2037 761 2101 appetiit
775 2073 789 2096 ‚
813 2038 943 2102 cujus
961 2037 1194 2100 permissu
1217 2036 1342 2082 intra
1362 2036 1627 2082 oratorium
1649 2033 1705 2081 ad
1725 2051 1830 2080 cor-

407 2134 493 2180 pus
519 2125 733 2161 sanctum
758 2113 997 2160 recubuit.
1025 2115 1106 2160 Illa
1126 2131 1240 2162 vero
1261 2125 1445 2178 partem
1467 2114 1698 2179 glutinam
1723 2112 1829 2158 salis

408 2212 431 2239 a
457 2203 620 2240 sancto
641 2193 746 2239 viro
770 2202 879 2238 ante
899 2202 1219 2240 consecratam
1240 2193 1288 2237 in
1306 2209 1474 2256 aquam
1492 2191 1629 2249 rasit,
1653 2200 1700 2237 et
1719 2188 1828 2235 inde

459 2419 508 2462 (ι)
533 2417 719 2450 plusieurs
738 2415 902 2461 portions
928 2414 973 2448 de
998 2421 1091 2448 cette
1117 2414 1248 2460 phrase
1266 2421 1331 2448 ont
1355 2426 1406 2448 un
1426 2426 1506 2449 sens
1530 2414 1720 2460 beaucoup
1747 2412 1830 2460 plus

412 2476 501 2511 clair
517 2483 554 2510 ct
572 2475 653 2522 plus
672 2473 888 2509 satisfaisant
907 2472 997 2507 dans
1016 2473 1048 2507 la
1068 2472 1220 2520 legende
1239 2473 1435 2520 primitive.
1456 2474 1553 2509 C’est
1570 2473 1661 2507 ainsi
1680 2472 1791 2520 qu’on
1807 2484 1830 2518 y

412 2535 473 2579 lit,
496 2548 542 2569 au
559 2535 633 2569 lieu
653 2533 698 2568 de
713 2533 957 2579 spiritualiter
972 2538 1175 2575 commone,
1196 2544 1252 2566 ces
1266 2539 1382 2567 mots:
1404 2533 1564 2578 ιςΙιαίνίίαΙί
1580 2531 1717 2579 gaudio
1732 2543 1830 2565 com-

415 2601 531 2637 mota,
560 2601 596 2629 et
620 2593 700 2640 plus
723 2593 799 2627 loin
825 2608 831 2626 ς
861 2592 928 2627 sed
946 2599 980 2626 et
999 2592 1270 2639 sarcophagum
1293 2605 1367 2627 non
1391 2593 1499 2628 humo
1520 2599 1626 2627 terroe
1644 2589 1825 2634 condidit,

414 2657 522 2687 immo
540 2655 648 2687 eliam
668 2655 704 2687 in
720 2653 928 2686 memoriale
946 2651 1134 2698 quoddam
1151 2654 1290 2697 posuit,
1312 2658 1378 2686 etc.

462 2713 511 2756 (2')
537 2712 634 2745 Dans
652 2711 685 2745 lc
703 2712 795 2746 rccit
814 2711 858 2745 de
880 2710 1000 2755 Felix,
1022 2724 1062 2746 cc
1083 2724 1167 2758 pays
1187 2718 1241 2746 est
1262 2712 1408 2746 nomme
1427 2710 1559 2744 VVissa.
1578 2708 1674 2743 C'est
1690 2707 1724 2742 la
1742 2719 1828 2754 pro-

417 2771 517 2804 vince
536 2769 598 2803 des
617 2770 775 2813 ΙΙιιίιέίί,
796 2771 858 2817 qui
879 2771 1045 2817 occupait
1065 2770 1096 2805 la
1122 2772 1238 2806 meme
1258 2770 1560 2816 circonscription
1580 2780 1651 2815 que
1670 2767 1829 2803 l’evechc

418 2831 462 2864 de
484 2832 518 2860 Ὰ
535 2837 702 2863 orccswr.
