1951 3194
596 263 747 301 LIBER
778 263 1018 312 QUINTUS.
1429 264 1507 304 457

101 343 238 390 terris
262 344 356 388 suis
386 352 431 389 et
459 342 515 389 de
550 343 651 389 aliis
686 342 1012 399 facultatibus3
1047 352 1318 390 reverenter
1351 343 1409 389 ab
1446 345 1509 390 eis

100 420 365 468 honoratur
398 419 517 467 ordo
544 421 862 476 monasticus,
901 432 946 467 et
980 421 1028 466 in
1062 422 1228 467 mortis
1257 431 1388 468 metu
1420 439 1510 486 pro

100 500 268 545 animae
291 498 500 545 subsidio
527 499 637 546 totis
660 499 897 562 expetitur
920 497 1179 545 affectibus,
1215 498 1394 545 Ibidem
1420 500 1512 544 mi-

102 575 204 622 lites
224 575 479 621 claustrum
499 585 686 622 servant
703 593 811 620 cum
829 574 1072 621 monachis
1086 610 1097 631 ,
1121 592 1242 638 saepe
1261 575 1317 622 de
1337 577 1513 640 practi-

100 654 165 698 cis
185 653 324 698 simul
347 662 548 698 tractant
568 662 615 699 et
634 651 874 699 theoricis.
899 653 976 698 Sic
1000 651 1156 699 schola
1177 652 1231 698 fit
1249 654 1511 699 viventium

99 739 146 773 ct
169 728 406 792 refugium
429 728 756 775 morientium.
792 742 794 744 ·

166 806 403 868 Tempore
424 805 549 851 Petri
576 804 774 851 senioris
796 805 1053 851 Mainerius
1078 803 1218 851 abbas
1238 805 1510 870 Philippum

98 898 255 945 regem
278 881 572 928 Francorum
597 881 818 944 expetiit,
845 891 891 927 et
926 899 997 927 res
1032 882 1079 927 in
1105 897 1253 945 regno
1278 885 1374 945 ejus
1397 883 1510 929 Uti-

98 957 313 1005 censibus
347 958 473 1004 datas
511 957 756 1004 humiliter
790 958 848 1004 ab
885 976 941 1006 eo
977 959 1240 1023 requisivit.
1281 959 1362 1006 Ille
1399 978 1511 1007 vero

97 1034 367 1099 benigniter
390 1053 437 1081 ea
454 1071 466 1091 ,
493 1052 600 1099 qnae
629 1035 731 1081 data
756 1047 919 1091 erant,
949 1037 1178 1083 concessit
1193 1055 1205 1093 ;
1233 1053 1405 1102 eosque
1429 1039 1509 1102 qui

97 1129 254 1158 secum
288 1124 454 1169 erant,
495 1122 549 1157 ut
579 1112 896 1159 abundantius
928 1113 1126 1170 darent,
1170 1113 1428 1161 clementer
1465 1127 1511 1162 et

99 1188 315 1234 hilariter
334 1188 599 1235 admonuit.
622 1191 723 1236 Hoc
746 1190 793 1235 in
816 1190 984 1236 itinere
1010 1190 1055 1235 in
1066 1200 1136 1236 ter
1152 1191 1420 1254 Speonnam
1440 1192 1510 1254 (ι)

100 1277 146 1313 ct
170 1266 445 1313 Medantum
468 1266 645 1313 factum
667 1277 752 1313 est.
778 1267 955 1314 Deinde
982 1277 1195 1332 tempore
1214 1269 1338 1315 Petri
1354 1270 1513 1332 junio-

98 1345 161 1389 ris
188 1344 452 1391 Ludovicus
476 1363 559 1391 rex
582 1346 805 1392 Manliam
830 1346 961 1392 venit
978 1381 990 1402 ,
1027 1356 1074 1392 et
1106 1346 1153 1391 in
1180 1346 1395 1393 eumdem
1423 1348 1512 1394 Pe-

99 1432 228 1467 trum
252 1439 340 1485 pro
364 1420 647 1486 quibusdam
675 1422 882 1469 reatibus
913 1423 1158 1470 insolentis
1181 1424 1392 1486 juventae
1419 1425 1513 1469 ira-

99 1510 200 1555 tus,
250 1499 477 1562 lapideam
525 1500 870 1556 munitionem,
908 1518 996 1564 qua
1030 1499 1237 1564 prudens
1276 1501 1511 1547 Ansoldus

95 1576 292 1623 domum
319 1594 449 1622 suam
476 1577 712 1635 cinxerat,
746 1595 853 1623 cum
883 1578 976 1641 ipsa
999 1577 1143 1624 domo
1167 1577 1350 1642 dejecit.
1373 1580 1510 1625 Tunc

98 1654 219 1700 idem
248 1672 328 1700 rex
365 1654 622 1718 hospitium
656 1655 703 1700 in
734 1655 879 1701 domo
909 1654 1250 1701 monachorum
1279 1657 1507 1719 suscepit,

96 1743 142 1778 et
159 1749 359 1796 quaeque
376 1743 590 1796 tempore
612 1733 754 1778 trium
777 1733 1110 1780 dominorum:
1129 1733 1274 1789 Petri,
1292 1733 1485 1779 Ansoldi
1499 1771 1509 1787 ,

96 1809 381 1872 alteriusque
415 1810 542 1856 Petri
576 1809 679 1855 data
713 1810 777 1855 eis
806 1809 1023 1865 fuerant,
1049 1809 1120 1855 vel
1153 1809 1237 1872 ipsi
1269 1820 1507 1865 emerant,

96 1887 237 1950 regali
259 1887 559 1933 concessione
578 1887 895 1932 confirmavit.
916 1887 1053 1931 Tunc
1069 1885 1306 1930 Guarinus
1327 1886 1512 1950 Sagien-

96 1964 173 2019 sis,
203 1963 274 2008 vir
293 1963 487 2009 callidus
512 1973 556 2009 et
581 1962 701 2009 hene
720 1963 974 2019 litteratus,
996 1963 1262 2025 prioratum
1288 1961 1505 2019 habebat,

96 2041 384 2104 servitioque
408 2058 494 2087 suo
518 2051 564 2087 et
593 2040 812 2086 familiari
841 2039 1084 2103 colloquio
1115 2058 1136 2084 a
1167 2056 1274 2103 rege
1303 2042 1511 2087 sanctio«

96 2135 206 2164 nem
239 2118 392 2181 exegit
421 2118 637 2164 omnium
666 2135 853 2174 rernm,
881 2133 995 2181 quas
1019 2116 1168 2163 eidem
1200 2117 1306 2163 loco
1330 2134 1510 2180 procu—

96 2204 313 2241 raverant
348 2194 624 2241 Goisbertus
658 2204 704 2240 et
739 2193 1100 2251 Guidmundus,
1147 2192 1428 2240 Guillelmus
1464 2207 1510 2242 et

96 2273 257 2335 Hugo,
291 2271 439 2317 David
476 2282 522 2317 et
559 2271 825 2317 Rannulfus
844 2307 855 2327 ‚
889 2271 1061 2335 aliique
1091 2272 1273 2335 priores
1304 2272 1509 2335 ejusdem

97 2348 255 2395 Cellae.
282 2350 393 2395 Haec
417 2348 474 2395 de
502 2348 674 2394 Manlia
705 2350 753 2394 in
778 2349 1001 2412 praesenti
1029 2347 1191 2395 libello
1218 2348 1389 2397 dixisse
1411 2350 1511 2396 suf-

97 2426 239 2473 ficiat.

162 2504 274 2549 XX.
297 2505 518 2550 Famosus
538 2503 769 2550 archiater
788 2504 1083 2561 Goisbertus,
1107 2515 1358 2569 postquam
1379 2505 1508 2551 Man-

98 2581 173 2626 liae
197 2580 434 2626 basilicam
456 2583 530 2643 (ut
547 2582 773 2645 diximus)
793 2584 963 2646 coepit,
993 2600 1099 2628 cum
1123 2582 1405 2647 quibusdam
1424 2596 1508 2630 no‘-

150 2757 197 2794 (ι)
225 2747 359 2801 Eponc.
