1951 3194
149 249 290 298 [1071]
637 245 791 284 LIBER
821 245 1075 293 QUARTUS.
1491 245 1570 282 219

145 339 190 376 et
214 327 497 375 Guallorum
515 344 644 391 reges
667 327 809 373 Risen
831 337 877 372 et
896 325 1110 371 Caducan
1126 341 1178 370 ac
1193 322 1460 370 Mariadoth
1480 323 1567 387 (1),

145 406 355 469 aliosque
383 405 538 468 plures
562 404 837 468 prostravit.
864 405 1074 449 Cestram
1100 413 1146 449 et
1167 402 1449 448 comitatum
1473 402 1571 464 ejus

146 481 405 529 Gherbodo
449 482 722 528 Flandrensi
762 480 1042 544 jamdudum
1090 498 1173 526 rex
1218 479 1440 531 dederat;
1488 477 1569 541 qui

145 579 311 625 magna
350 559 413 605 ibi
442 571 486 607 et
522 560 724 606 difficilia
760 569 855 604 tam
888 557 946 603 ab
974 557 1138 622 Anglis
1169 575 1309 622 quam
1337 575 1359 602 a
1393 555 1574 603 Guallis

147 637 503 684 adversantibus
519 636 796 701 pertulerat.
814 635 995 682 Deinde
1017 635 1250 699 legatione
1263 644 1452 680 coactus
1472 650 1575 679 suo·

147 733 278 772 rum,
309 732 428 780 quos
456 715 502 759 in
530 713 748 760 Flandria
774 712 1039 766 dimiserat,
1068 723 1114 758 et
1138 711 1311 776 quibus
1339 710 1576 757 heredita-

147 793 274 839 rium
299 793 533 838 honorem
567 808 706 837 suum
736 790 1056 843 commiserat,
1079 789 1250 846 eundi,
1283 789 1474 852 citoque
1496 805 1577 834 re-

149 869 323 916 deundi
362 869 603 915 licentiam
637 887 660 914 a
698 886 806 933 rege
845 877 1121 931 acceperat3
1165 865 1244 912 sed
1282 865 1347 910 ibi
1386 865 1577 910 adversa

151 947 428 1010 illaqueatus
462 946 659 993 fortuna
695 946 742 991 in
774 963 941 991 manus
978 945 1287 991 inimicorum
1315 942 1575 998 inciderat,

150 1035 197 1071 et
220 1025 269 1070 in
294 1024 497 1071 vinculis
518 1025 752 1071 coercitus
768 1060 778 1079 ‚
803 1022 1137 1087 mundanaque
1163 1020 1391 1067 felicitate
1415 1020 1579 1083 priva-

150 1114 251 1158 tus,
278 1102 434 1167 longae
461 1103 663 1149 miseriae
692 1102 887 1149 threnos
912 1101 1191 1165 depromere
1219 1099 1464 1146 didicerat.
1495 1100 1580 1143 In-

152 1190 277 1227 terea
303 1198 384 1226 rex
411 1181 707 1227 Cestrensem
735 1179 1038 1228 consulatum
1062 1178 1253 1243 Hugoni
1276 1178 1332 1224 de
1354 1176 1580 1223 Abrincis

153 1258 254 1306 filio
274 1257 455 1303 Ricardi
484 1268 807 1322 cognomento
840 1257 940 1304 Goz
966 1259 1037 1321 (2)
1068 1257 1326 1312 concessit,
1357 1256 1437 1321 qui
1470 1273 1577 1301 cum

154 1336 404 1383 Rodberto
429 1337 485 1384 de
507 1336 777 1384 Rodelento
795 1348 841 1383 et
860 1336 1105 1383 Rodberto
1124 1334 1179 1382 de
1200 1336 1464 1399 Malopassu
1487 1334 1577 1398 (ὅ),

155 1415 350 1479 aliisque
366 1414 643 1478 proceribus
659 1416 769 1462 feris
784 1414 990 1460 multum
1006 1414 1289 1459 Guallorum
1302 1412 1582 1476 sanguinem

156 1492 338 1539 effudit.
376 1493 463 1538 Hie
487 1510 584 1539 non
614 1493 829 1556 dapsilis,
857 1492 935 1538 sed
964 1493 1192 1556 prodigus
1217 1501 1347 1546 erat;
1376 1508 1475 1537 non
1507 1490 1583 1535 fa-

156 1570 337 1617 miliam
376 1589 534 1617 secum
551 1607 563 1627 ,
607 1571 682 1617 sed
727 1571 990 1618 exercitum
1036 1588 1222 1634 semper
1261 1568 1481 1615 ducebat.
1527 1570 1582 1614 In

157 1648 313 1696 dando
341 1650 413 1696 vel
448 1649 725 1713 accipiendo
762 1649 941 1695 nullam
971 1650 1205 1696 rationem
1242 1647 1451 1695 tenebat.
1482 1649 1584 1711 Ipse

159 1738 335 1774 terram
366 1746 496 1773 suam
530 1727 746 1793 quotidie
774 1726 1072 1783 devastabat,
1107 1737 1154 1773 et
1188 1727 1292 1790 plus
1324 1724 1586 1790 aucupibus

159 1820 211 1849 ac
236 1803 566 1861 venatoribus,
595 1822 734 1868 quam
761 1815 902 1850 terrie
926 1802 1209 1860 cultoribus,
1235 1803 1309 1849 vel
1336 1803 1446 1849 coeli
1473 1820 1586 1848 ora-

162 1880 347 1926 toribus
381 1881 710 1945 applaudebat.
745 1881 940 1928 Ventris
975 1881 1199 1943 ingluviei
1231 1881 1374 1926 nimis
1409 1882 1587 1927 servie—

162 1956 266 2014 bat,
301 1958 425 2004 unde
459 1959 621 2005 nimiae
651 1959 873 2004 crassitiei
909 1958 1121 2022 pondere
1153 1969 1475 2023 praegravatus
1508 1958 1587 2004 vix

165 2035 233 2081 ire
256 2046 461 2098 poterat.
486 2036 762 2082 Carnalibus
784 2037 1033 2084 lenociniis
1053 2037 1365 2083 immoderate
1387 2037 1589 2084 inhaere>

165 2111 262 2158 bat.
292 2114 364 2159 Ex
386 2114 633 2178 pellicibus
662 2115 916 2178 plurimam
941 2115 1156 2163 sobolem
1181 2117 1428 2181 utriusque
1453 2135 1588 2163 sexus

165 2191 353 2254 genuit,
374 2209 480 2256 quae
498 2190 691 2238 diversis
707 2191 985 2238 infortuniis
1001 2192 1331 2257 absorptajam
1350 2212 1470 2257 pene
1488 2204 1587 2240 tota

167 2268 384 2332 deperiit.
405 2270 775 2317 Ermentrudem
795 2270 939 2317 filiam
961 2272 1175 2337 Hugonis
1197 2272 1254 2319 de
1279 2272 1589 2319 Claromonte

219 2464 269 2506 (1)
298 2461 622 2508 Rhys-ap-Owen,
633 2463 1053 2510 Cadogan·ap-Blethyn‚
1067 2463 1466 2510 Meredith-ap—Owen.
1476 2463 1592 2499 Notre

172 2528 302 2556 auteur
314 2522 409 2555 avait
422 2534 471 2568 pu
483 2521 661 2556 entendre
672 2523 792 2568 parler
805 2525 824 2557 ἐι
839 2523 1095 2569 Shrevvsbury,
1112 2523 1201 2557 dans
1218 2535 1283 2557 son
1295 2522 1459 2565 enfance,
1474 2521 1519 2556 de
1533 2535 1592 2557 ces

173 2581 293 2617 divers
316 2582 416 2616 chefs
442 2581 585 2629 galloiS,
608 2582 699 2616 ainsi
723 2595 794 2629 que
814 2582 860 2617 de
880 2595 970 2616 ceux
993 2583 1083 2630 qu’il
1101 2596 1120 2617 a
1140 2582 1371 2616 mentionnes
1395 2581 1591 2617 ci-dessus.

219 2644 270 2689 (2)
295 2644 448 2689 Hugues
474 2642 738 2683 d’Avranches‚
772 2642 826 2676 fils
851 2641 896 2676 de
925 2641 1109 2685 Richard‚
1137 2642 1291 2676 vicomte
1320 2640 1591 2686 d’Avranches,

174 2701 340 2748 petit-fils
360 2701 404 2736 de
419 2701 597 2737 Toustain
615 2701 712 2744 Goz,
733 2700 1058 2747 ari-iere-petit-fils
1072 2699 1486 2735 d'Ansfroi-le-Danois.

223 2759 272 2805 (5)
297 2761 497 2795 Rhuddlan
512 2789 520 2803 ‚
540 2760 629 2795 dans
648 2760 680 2796 lc
695 2760 916 2802 Flintshire3
940 2760 1096 2807 Malpas,
1118 2760 1206 2795 dans
1221 2760 1252 2794 le
1269 2759 1462 2795 Cheshire.
