1951 3194
421 263 498 302 444
787 264 1028 303 HISTORIA
1060 264 1461 305 ECCLESIASTICA.

485 343 712 389 Praefatus
759 342 896 390 heros
947 345 1312 408 suprascriptam
1345 346 1554 392 chartam
1590 348 1832 413 subscrip—

421 421 551 467 tione
578 437 655 465 sua
686 419 1013 479 confirmavit,
1045 433 1093 468 et
1125 422 1357 469 Mainerio
1387 422 1544 469 abbati
1578 425 1832 487 praedicta-

422 516 529 544 rum
551 498 881 545 investituram
898 517 1059 546 rerum
1077 517 1237 547 coram
1256 500 1419 547 multis
1439 502 1618 549 idoneis
1640 502 1833 549 testibus

425 574 635 621 tradidit.
677 575 781 622 Filii
822 577 950 623 enim
975 579 1070 641 ejus
1107 577 1344 625 affuerunt
1378 599 1386 624 :
1427 578 1683 636 Ansoldus,
1709 580 1835 627 Ted-

421 650 584 697 baldus
623 662 670 698 et
703 651 1010 709 Guillelmus,
1052 655 1307 719 generique
1343 658 1440 719 ejus
1475 655 1744 703 Gualterius
1779 656 1837 703 de

421 729 592 776 Pexeio
629 730 699 791 (1)
746 740 792 776 et
832 730 1071 777 Baldricus
1104 731 1161 778 de
1203 731 1394 788 Drocis,
1431 748 1744 797 proceresque
1780 733 1837 779 de

420 806 592 852 Manlia
617 827 626 852 ε
653 808 790 871 Hugo
813 818 859 854 et
882 807 1169 872 Stephanus,
1201 809 1469 856 Gualterius
1493 809 1763 875 Presbyter,
1792 821 1838 857 et

421 882 691 932 Gualterius
710 886 843 933 miles
863 898 1184 951 cognomento
1199 887 1431 947 costatus,
1450 888 1697 935 Richerius
1716 890 1840 936 Prae-

420 962 600 1025 positus
618 974 663 1009 et
682 964 828 1011 Fulco
847 963 929 1010 filii
950 963 1186 1011 Fulcherii
1203 1001 1214 1021 ,
1246 967 1383 1029 Hugo
1411 976 1456 1013 et-
1482 967 1584 1015 Odo
1610 966 1840 1014 Gualonis

423 1038 528 1097 filii,
545 1044 750 1087 Herveus
770 1041 997 1087 Heroardi
1021 1041 1163 1098 filius,
1186 1052 1230 1088 et
1251 1060 1419 1107 magna
1439 1061 1544 1107 pars
1568 1044 1840 1091 Manliensis

422 1117 703 1179 parrochiae.
723 1118 875 1165 Porro
894 1118 1151 1165 Mainerius
1173 1118 1315 1165 abbas
1340 1118 1514 1167 ibidem
1533 1119 1840 1167 Goisbertum

422 1196 633 1258 priorem
657 1195 922 1255 ordinavit,
949 1198 1030 1262 qui
1057 1215 1167 1244 mox
1193 1215 1386 1261 parvam
1405 1198 1644 1245 ecclesiam
1659 1234 1672 1255 ,
1699 1216 1842 1263 quam

426 1272 749 1334 Godefredus,
781 1293 964 1340 magnae
997 1276 1310 1340 simplicitatis
1335 1288 1380 1323 et
1404 1278 1693 1324 innocentiae
1712 1294 1840 1342 pres-

426 1350 584 1415 byter,
615 1364 855 1416 coeperat,
886 1355 1249 1401 consummavit.
1277 1355 1386 1401 Non
1418 1355 1570 1402 multo
1593 1365 1701 1420 post
1732 1372 1842 1402 mo—

427 1429 588 1475 nachis
642 1431 769 1477 intus
817 1442 864 1479 et
914 1441 1043 1478 extra
1095 1431 1528 1479 convalescentibus
1546 1468 1559 1488 ,
1609 1431 1842 1497 bonisque

429 1506 752 1570 parrochianis
766 1508 822 1556 de
836 1519 1068 1573 provectu
1090 1526 1257 1556 eorum
1275 1507 1740 1574 congratulantibus,
1768 1508 1845 1555 de-

429 1594 605 1630 structa
631 1586 777 1631 veteri
803 1585 902 1632 aede
925 1596 1097 1632 sanctae
1124 1587 1309 1642 Mariae,
1338 1603 1458 1632 nova
1484 1584 1671 1649 pulchri
1689 1585 1845 1648 operis

430 1672 585 1724 coepta
607 1672 698 1717 est,
725 1673 771 1707 et
795 1662 1052 1708 secundum
1073 1665 1486 1726 opportunitatem
1506 1680 1591 1726 per
1609 1681 1668 1708 xx
1694 1679 1844 1708 annos

429 1737 515 1783 sub
543 1737 800 1786 Goisberto
831 1751 876 1786 et
909 1740 1221 1786 Guidmundo
1248 1759 1297 1786 ac
1327 1742 1536 1805 Rogerio
1570 1751 1616 1787 et
1646 1741 1846 1804 Hugonc

430 1816 670 1878 prioribus
700 1817 937 1881 eleganter
958 1829 1141 1882 peracta
1164 1829 1230 1864 est
1252 1820 1338 1881 (2).
1361 1819 1522 1864 Plures
1541 1816 1713 1864 ibidem
1734 1835 1844 1865 mo·-

481 2053 530 2096 (1)
558 2052 687 2085 Poissi.

480 2113 530 2156 (Ἰ)
558 2112 656 2146 Nous
677 2124 721 2146 ne
745 2123 900 2157 pensons
923 2123 984 2158 pas
1003 2111 1092 2158 qu³il
1109 2110 1204 2145 saille
1224 2109 1381 2157 prendre
1399 2112 1418 2144 Ξι
1440 2109 1472 2143 la
1490 2108 1597 2143 lettre
1621 2107 1671 2142 les
1690 2106 1849 2142 donnees

436 2173 596 2207 sournies
615 2172 658 2205 ici
676 2184 739 2218 par
754 2179 860 2206 notre
879 2179 1009 2206 auteur
1024 2184 1085 2206 sur
1099 2171 1234 2217 l⁷cglise
1253 2172 1297 2205 de
1313 2170 1445 2204 Maule.
1469 2168 1710 2216 L’inspection
1728 2166 1773 2201 de
1792 2174 1849 2201 cet

436 2233 564 2267 edifice
592 2244 683 2266 nous
703 2232 817 2279 para'it
844 2232 1058 2267 demontrer
1075 2244 1146 2279 quc
1174 2231 1344 2265 Goishert
1370 2238 1406 2265 et
1426 2242 1483 2264 ses
1501 2240 1724 2264 successeurs
1749 2227 1850 2262 n’ont

438 2294 538 2338 point
554 2293 631 2325 rasc
650 2292 698 2326 lcs
718 2292 986 2326 constructions
1004 2292 1049 2326 dc
1063 2291 1241 2325 Godcfroi
1254 2319 1263 2334 ,
1286 2291 1375 2324 mais
1393 2289 1500 2337 qu'ils
1518 2301 1554 2324 se
1567 2295 1649 2322 sont
1663 2288 1851 2322 coutentes

437 2353 493 2399 ‘¹⁷3'
505 2353 659 2397 ajouter.
676 2352 837 2387 lsabside
852 2365 896 2386 en
912 2352 1122 2399 particulicr
1135 2364 1191 2386 mc
1207 2351 1322 2398 par-‘tit
1337 2351 1415 2385 &tre
1428 2350 1513 2385 bien
1530 2348 1759 2384 visiblement
1772 2347 1851 2382 leur

437 2424 612 2457 ouvrage,
635 2412 716 2446 saus
727 2411 789 2445 des
809 2412 1090 2446 remaniements
1109 2411 1329 2457 postcrieurs
1346 2411 1419 2444 tres
1433 2409 1554 2443 faciles
1569 2411 1587 2442 a
1607 2406 1848 2442 reconnaitrc.

442 2472 528 2504 §.lais
555 2478 654 2505 toute
671 2471 703 2505 la
726 2471 892 2506 muraillc
917 2470 1199 2518 septentrionale
1219 2470 1263 2504 dc
1289 2469 1321 2504 la
1339 2468 1417 2512 nef,
1448 2476 1484 2503 et
1509 2468 1627 2503 meme
1647 2478 1717 2501 une
1739 2465 1852 2512 petite

441 2531 586 2575 portion
611 2530 656 2565 (le
687 2543 722 2564 sa
750 2530 916 2565 muraillc
943 2529 1181 2565 meridionalc
1209 2541 1288 2564 vers
1307 2529 1457 2570 l'ouest,
1488 2540 1545 2562 me
1568 2526 1766 2573 pal-aissent
1788 2523 1850 2557 des

443 2597 550 2623 restes
570 2589 615 2624 de
642 2590 778 2638 l’dglise
805 2591 850 2625 de
879 2590 1069 2625 Godcfroi.
1090 2590 1280 2624 Pvut-etre
1299 2589 1416 2623 meme
1443 2587 1494 2622 les
1520 2586 1642 2633 piliers
1663 2583 1797 2618 massifs
1814 2590 1851 2617 ct

443 2656 565 2681 azonrts
582 2649 627 2682 (lc
643 2660 699 2681 ecs
711 2648 892 2683 murailles
907 2657 939 2683 ct
960 2649 1009 2683 les
1024 2648 1168 2682 arcados
1186 2647 1366 2695 rustiqucs
1380 2646 1424 2680 dc
1443 2645 1664 2692 lapremicre
1680 2642 1754 2688 (qui
1772 2652 1852 2688 rap—

445 2707 572 2751 ιμι·11ι“ηι
598 2710 614 2741 ἐι
635 2708 697 2741 ‹lcs
720 2709 967 2743 obsrrvatcurs
989 2709 1183 2743 normands
1203 2707 1231 2741 la
1254 2708 1315 2741 ncl'
1330 2707 1374 2739 ‹lv
1397 2704 1616 2751 Briqucbec)
1639 2700 1853 2735 scraicnt-ils

440 2779 495 2797 ww
511 2779 571 2799 ors·
592 2769 804 2802 2¹¹'1!‹''1'i‹*111·s.
830 2770 888 2802 (1η
915 2782 956 2803 ιιι»
983 2769 1054 2802 «luit
1079 2782 1121 2802 vn
1153 2767 1293 2812 gcntuul
1315 2773 1478 2812 acceptor
1501 2765 1643 2811 (lasaron
1666 2761 1852 2808 lwaueoup
