1951 3194
342 296 345 299 ι
400 249 471 287 188
761 247 1006 286 HISTORIA
1036 246 1440 287 ECCLESIASTICA.
1677 251 1814 300 [1069]

461 327 638 373 Marius
651 328 834 374 Suenus
847 328 933 390 (1),
946 325 1088 373 Gaius
1099 327 1329 373 Patricius
1339 330 1426 392 (2),
1441 327 1651 393 Edgarus
1662 329 1816 376 Adeli-

398 422 505 462 nus,
528 404 766 451 Archillus
791 415 838 451 et
855 415 1062 469 quatuor
1083 404 1169 451 filii
1188 405 1349 453 Karoli
1364 441 1378 463 ,
1404 406 1576 471 aliique
1599 417 1817 470 potentes

397 493 444 529 et
466 482 649 529 factiosi
674 491 1029 541 convenerunt,
1053 492 1100 529 et
1120 483 1386 530 consociata
1405 501 1550 530 manu
1572 484 1747 530 civium
1765 501 1817 529 ac

398 559 716 606 finitimorum
727 594 740 615 ,
759 560 1083 607 munitionem
1098 561 1218 625 regis
1238 561 1287 607 in
1301 559 1522 610 Eboraco
1539 561 1819 626 impugnare

397 638 493 683 ausi
513 647 638 684 sunt.
650 638 925 685 Willelmus
945 650 1270 704 cognomento
1284 640 1504 697 Maletus‚
1519 657 1691 704 praeses
1709 641 1820 686 Cas-

398 715 571 761 trensis
595 716 693 781 regi
714 714 1021 764 denunciavit
1043 735 1090 765 se
1112 717 1412 765 defecturum
1427 754 1440 775 ‚
1467 718 1557 764 nisi
1578 728 1820 764 maturum

398 792 528 839 fessis
553 792 768 841 conferat
796 794 1043 841 auxilium.
1072 796 1170 842 Rex
1194 796 1326 844 ocius
1359 795 1575 856 advenit,
1614 795 1662 842 in
1688 795 1821 842 obsi-

399 869 564 917 dentes
587 871 708 928 ruit,
747 889 834 919 nec
862 872 947 918 ulli
978 874 1208 937 pepercit.
1241 874 1381 920 Multi
1418 875 1572 938 capti,
1606 873 1822 938 plerique

401 949 670 1006 interfecti,
699 951 858 998 caeteri
883 962 995 998 sunt
1018 952 1182 1016 fugati.
1207 953 1308 999 Rex
1331 962 1488 1000 autem
1511 951 1607 999 dies
1631 962 1742 999 octo
1774 951 1821 997 in

400 1025 520 1074 urbe
543 1045 735 1075 morans
757 1029 960 1076 alterum
984 1029 1259 1094 praesidium
1283 1029 1523 1087 condidit,
1553 1039 1600 1077 et
1619 1028 1824 1076 Guillel-

400 1124 534 1152 mum
566 1107 791 1155 comitem
816 1107 1020 1155 Osberni
1054 1107 1207 1154 filium
1230 1108 1286 1154 ad
1320 1107 1683 1155 custodiendum
1707 1105 1824 1154 reli-

399 1184 523 1247 quit.
547 1185 650 1248 Ipse
670 1202 784 1232 vero
807 1185 944 1232 laetus
963 1184 1203 1232 Guentam
1227 1185 1369 1232 rediit
1383 1221 1397 1242 ‚
1423 1196 1470 1232 et
1492 1183 1709 1231 Paschale
1728 1183 1826 1230 fes-

402 1272 503 1306 tum
529 1260 594 1307 ibi
617 1261 890 1309 celebravit.
919 1264 1100 1310 Rursus
1125 1263 1266 1329 Angli
1296 1273 1406 1328 post
1430 1263 1551 1327 regis
1572 1262 1824 1309 discessum

401 1349 567 1386 contra
611 1350 873 1406 utrumque
922 1341 1198 1405 praesidium
1241 1341 1514 1406 congregati
1564 1349 1674 1386 sunt
1693 1357 1705 1395 ;
1748 1337 1828 1385 sed

402 1414 662 1464 Guillelmo
692 1418 868 1465 comite
897 1435 1005 1464 cum
1039 1418 1132 1464 suis
1167 1417 1369 1464 viriliter
1402 1418 1450 1463 in
1482 1415 1683 1482 quadam
1710 1414 1829 1462 valle

401 1492 684 1551 dimicante,
726 1513 824 1542 non
859 1496 1247 1560 praevalue1*unt;
1291 1494 1370 1542 sed
1403 1494 1622 1560 pluribus
1659 1510 1828 1541 eorum

402 1573 549 1635 captis
573 1590 653 1619 seu
680 1573 953 1630 trucidatis,
979 1573 1054 1618 alii
1084 1572 1191 1638 fuga
1219 1582 1426 1620 mortem
1451 1571 1758 1618 distulerunt.

468 1647 655 1694 Bellicis
673 1648 948 1695 turbinibus
966 1649 1180 1715 undique
1202 1647 1556 1714 insurgentibus
1571 1647 1829 1694 admodum

403 1735 675 1789 occupatus,
699 1729 948 1791 conjugem
972 1725 1059 1773 sibi
1081 1727 1285 1773 multum
1309 1726 1530 1773 dilectam
1550 1723 1829 1772 Mathildem

403 1803 585 1849 remisit
609 1803 655 1849 in
676 1803 1025 1851 Normanniam
1046 1822 1128 1852 rex
1148 1804 1454 1862 Guillelmus,
1477 1814 1531 1849 ut
1549 1802 1607 1849 ab
1627 1802 1830 1868 Anglico

408 1881 617 1927 tumultu
640 1883 840 1945 seposita
862 1883 911 1928 in
932 1900 1044 1946 pace
1063 1883 1292 1947 religiosis
1312 1881 1494 1928 actibus
1513 1891 1728 1938 vacaret,
1756 1881 1827 1926 in-

406 1959 738 2025 columemque
770 1961 1033 2025 provinciae
1064 1971 1242 2007 statum
1267 1978 1375 2008 cum
1400 1958 1648 2007 Rodberto
1679 1975 1830 2023 puero

406 2048 628 2085 servaret.
654 2039 765 2085 Haec
791 2040 1139 2104 consanguinea
1164 2038 1371 2104 Philippi
1391 2039 1689 2086 Francorum
1711 2037 1831 2101 regis

407 2127 524 2173 erat,
552 2127 599 2163 et
621 2136 677 2164 ex
701 2117 891 2182 regibus
911 2118 1077 2165 Galliae
1096 2136 1147 2164 ac
1170 2116 1536 2182 imperatoribus
1560 2114 1831 2162 Germaniae

406 2195 642 2259 originem
653 2194 855 2242 ducebat
867 2196 960 2258 (5),
980 2196 1242 2260 eximiaque
1255 2205 1349 2240 tam
1362 2194 1546 2258 generis
1562 2209 1705 2257 quam
1720 2208 1830 2238 mo-

408 2289 517 2317 rum
538 2270 790 2319 nobilitate
815 2271 1015 2319 cluebat.
1042 2273 1247 2337 Egregio
1275 2271 1448 2318 marito
1471 2269 1618 2317 edidit
1648 2270 1831 2315 utrius-

408 2367 501 2413 que
523 2367 656 2396 sexus
676 2360 887 2414 optatam
906 2349 1119 2397 sobolem
1143 2370 1152 2394 ε
1178 2348 1473 2396 Rodhertum
1491 2358 1538 2395 et
1559 2346 1831 2401 Ricardum,

458 2591 507 2634 (ι)
535 2588 760 2623 Mai-leswen.
838 2617 841 2619 a

460 2651 508 2693 (εὶ)
533 2649 728 2695 Gospatric
742 2676 750 2691 ‚
774 2647 827 2682 fils
844 2647 889 2681 dc
910 2647 1095 2690 Maldrcd,
1119 2646 1173 2680 fils
1188 2646 1232 2680 de
1253 2646 1403 2681 Crinan.

460 2707 507 2750 (3)
533 2708 637 2742 (leue
652 2708 833 2753 princessc
849 2707 936 2742 ctait
953 2706 1023 2741 fille
1039 2705 1191 2740 d'Adcle
1211 2705 1255 2740 dc
1275 2705 1412 2738 Franco
1425 2731 1432 2744 ,
1455 2713 1551 2736 εοειιι·
1570 2700 1614 2735 (lc
1636 2700 1750 2735 Πρωὶ
1775 2699 1828 2739 1⁰¹,

411 2774 441 2796 vi
470 2780 530 2810 μιν
550 2770 772 2814 ι’ωηε(’·(μι(Ὶι[
790 2767 1144 2813 consino-gcrnlainc
1161 2765 1204 2800 dc
1222 2764 1390 2810 Philippo
1408 2763 1464 2796 ΙΝ.
