1951 3194
73 251 234 301 [1077?]
564 251 714 291 LIBER
744 252 983 301 QUINTUS.
1401 256 1479 295 379

72 331 173 377 Rex
191 339 348 377 autem
370 330 490 377 dixit
518 350 527 374 :
556 333 908 398 Praeposterum
927 344 1016 392 est,
1029 334 1117 399 fili
1123 372 1139 392 ,
1164 334 1294 399 quod
1314 345 1470 400 optas.

70 407 184 455 Noli
218 418 385 454 temere
412 410 551 474 patri
583 419 665 456 tuo
700 411 823 456 velle
859 411 1157 458 dominatum
1182 412 1477 477 praeripere,

72 503 210 549 quem
250 486 314 532 ab
355 486 438 533 illo
483 486 624 533 debes
661 487 734 550 (si
771 488 949 552 dignus
981 489 1169 552 fueris)
1216 500 1480 555 opportuno

72 573 278 628 tempore
329 582 435 610 cum
481 562 844 625 favorabilibus
885 566 1059 630 populi
1108 568 1232 614 votis
1287 568 1336 613 in
1380 567 1479 613 Dei

71 642 397 690 benedictione
439 642 693 705 suscipere.
752 640 964 706 Optimos
1012 643 1135 708 elige
1181 642 1268 690 tibi
1319 647 1477 691 consi-

71 721 266 778 liariOS,
293 731 337 767 et
348 720 618 785 prudenter
629 735 856 784 praecave
879 723 1179 779 temerarios,
1209 723 1295 786 qui
1322 732 1367 768 te
1390 723 1478 769 sti—

69 798 320 855 mulantes,
351 796 649 862 impudenter
664 797 867 843 incitant
883 797 954 843 ad
974 809 1110 845 actus
1128 801 1360 859 nefarios.
1380 801 1479 846 Re-

69 875 314 921 miniscere
345 873 467 937 quid
493 873 727 919 Absalom
745 926 751 933 ι
752 872 929 933 fecerit
938 912 955 932 ,
995 875 1202 938 qualiter
1236 878 1284 921 in
1314 875 1480 940 David

63 962 252 1016 patrem
289 967 428 997 suum
472 949 789 1008 rebellaverit,
837 961 881 996 et
916 968 1060 1015 quam
1102 953 1229 998 male
1270 964 1368 999 tam
1406 954 1480 1000 illi

68 1044 213 1092 quam
252 1026 544 1093 Achitoplzel
577 1037 621 1072 et
656 1027 885 1083 Amasae,
941 1027 1146 1091 aliisque
1186 1029 1479 1076 consiliariis

68 1117 111 1152 et
135 1104 420 1170 fautoribus
451 1106 551 1151 suis
583 1105 851 1167 contigerit.
879 1105 1154 1153 Normanni
1180 1123 1364 1171 semper
1396 1108 1476 1153 in-

68 1185 216 1248 quieti
235 1194 367 1239 sunt,
399 1193 442 1229 et
465 1182 844 1248 perturbationes
871 1183 1091 1229 ardenter
1107 1184 1291 1230 sitiunt.
1313 1185 1420 1249 Ipsi
1436 1196 1478 1230 te

69 1262 139 1308 ad
165 1263 328 1309 stultos
367 1272 567 1308 conatus
592 1271 877 1326 provocant,
915 1271 964 1306 ut
999 1260 1198 1307 turbatis
1233 1261 1370 1308 rebus
1406 1263 1478 1308 in-

70 1339 374 1402 disciplinate
393 1348 545 1402 agant
546 1373 562 1393 ,
582 1337 891 1400 nefariasque
906 1339 1116 1383 actiones
1136 1338 1330 1403 impune
1348 1355 1479 1384 exer-

71 1426 224 1461 ceant.
261 1415 381 1461 Nola·
416 1414 723 1478 adquiescere
748 1413 1056 1479 petulantum
1083 1415 1478 1480 persuasionibus

61 1493 291 1556 juvenum
303 1530 319 1551 ,
347 1492 435 1539 sed
454 1509 487 1538 a
509 1490 768 1538 Guillelmo
792 1502 836 1537 et
857 1490 1136 1554 Lanfranco
1161 1492 1480 1558 archiepisco-

66 1571 144 1632 pis
173 1580 217 1616 et
250 1569 362 1616 aliis
392 1569 643 1634 sophistis,
675 1569 967 1632 maturisque
987 1569 1267 1634 proceribus
1293 1570 1480 1633 inquire

71 1647 338 1694 consilium.
367 1647 516 1712 Quod
532 1649 578 1694 si
595 1646 850 1710 diligenter
866 1647 1208 1704 observaveris,
1235 1648 1285 1693 in
1291 1647 1400 1711 sine
1420 1646 1479 1693 de

72 1722 194 1770 bono
224 1735 454 1790 proventu
490 1733 755 1789 opportune
787 1723 1087 1785 gloriaberis.
1132 1722 1192 1770 Si
1226 1740 1338 1770 ‘vero
1371 1723 1480 1769 Ro-

74 1799 245 1858 boam,
284 1804 370 1865 qui
398 1801 633 1857 Banaice,
668 1801 966 1864 aliorumque
999 1801 1270 1865 sapientum
1300 1801 1481 1846 monita

71 1878 267 1941 sprevit,
298 1878 510 1922 imitatus
518 1874 682 1939 fueris
690 1913 706 1933 ,
738 1887 781 1921 et
804 1878 1034 1940 juvenum
1051 1878 1205 1937 jussis
1230 1876 1480 1923 obsecutus

54 1953 244 2018 fueris,
272 1954 538 2019 dejectione
565 1964 608 1999 et
633 1954 828 2018 repulsa
852 1953 1046 2018 (quibus
1071 1956 1172 2018 ipse
1195 1956 1297 2001 suis
1320 1965 1365 2000 et
1387 1972 1479 2000 ex-

76 2032 184 2077 teris
223 2030 396 2092 viluit)
431 2030 517 2076 diu
556 2047 756 2076 moerens
789 2031 1003 2094 potieris.
1049 2030 1285 2078 Robertus
1321 2029 1475 2076 dixit:

74 2109 190 2154 Huc
199 2146 215 2167 ,
253 2107 445 2154 domine
475 2112 542 2153 mi
567 2125 681 2165 rex,
720 2126 813 2153 non
846 2110 1032 2155 accessi
1059 2126 1150 2173 pro
1186 2107 1479 2156 sermonibus

76 2185 360 2244 audiendis,
389 2202 588 2249 quorum
611 2187 753 2251 copia
774 2187 1056 2249 frequenter
1088 2203 1233 2250 usque
1264 2185 1335 2232 ad
1360 2203 1480 2232 nau-

78 2279 209 2307 seam
233 2261 435 2308 imbutus
457 2278 560 2308 sum
583 2279 616 2307 a
635 2263 985 2325 grammaticis.
1017 2262 1198 2308 Verum
1217 2263 1276 2308 de
1299 2261 1475 2318 debito‚

80 2358 218 2404 quem
252 2341 526 2406 praestolor,
565 2339 762 2398 honore,
804 2339 924 2386 mihi
958 2341 1076 2387 satis
1117 2338 1350 2405 responde
1367 2360 1389 2394 ;
1430 2350 1480 2384 ut

80 2419 229 2464 sciam
247 2418 365 2481 quid
378 2417 494 2463 mihi
510 2418 753 2465 conveniat
750 2415 939 2480 facere.
957 2418 1066 2465 Hoc
1077 2435 1168 2483 pro
1186 2428 1310 2465 certo
1310 2416 1481 2476 fixum

82 2506 149 2542 est
171 2495 308 2560 apud
333 2512 428 2552 me,
458 2506 501 2540 et
529 2494 745 2541 omnibus
765 2495 876 2541 volo
899 2506 1062 2541 notum
1085 2512 1185 2541 esse
1213 2493 1345 2558 quod
1366 2492 1481 2539 ulte-

82 2576 179 2619 rius
203 2573 254 2617 in
276 2572 581 2619 Normannia
598 2572 778 2618 nemini
791 2571 1007 2618 militabo
1023 2571 1110 2618 sub
1131 2570 1479 2635 mancipiorum

65 2647 208 2711 fictili
231 2649 516 2695 conditione.

147 2728 227 2772 His
252 2726 417 2773 auditis
445 2728 586 2773 iratus
611 2746 690 2775 rex
716 2728 834 2774 dixit,
862 2749 870 2774 :
899 2728 1007 2774 Jam
1035 2727 1144 2774 dixi
1168 2727 1251 2773 tibi
1272 2737 1349 2774 sat
1377 2743 1480 2771 ma-
