<?xml version="1.0" encoding="UTF-8"?>
<!DOCTYPE html PUBLIC "-//W3C//DTD XHTML 1.0 Transitional//EN"
    "http://www.w3.org/TR/xhtml1/DTD/xhtml1-transitional.dtd">
<html xmlns="http://www.w3.org/1999/xhtml" xml:lang="en" lang="en">
 <head>
  <title>
</title>
<meta http-equiv="Content-Type" content="text/html;charset=utf-8" />
  <meta name='ocr-system' content='tesseract 3.04.00' />
  <meta name='ocr-capabilities' content='ocr_page ocr_carea ocr_par ocr_line ocrx_word'/>
</head>
<body>
  <div class='ocr_page' id='page_1' title='image "./ordericivitalish02ordeuoft_0269.png"; bbox 0 0 1951 3194; ppageno 0'>
   <div class='ocr_carea' id='block_1_1' title="bbox 102 259 1531 2185">
    <p class='ocr_par' dir='ltr' id='par_1_1' title="bbox 102 259 1531 2185">
     <span class='ocr_line' id='line_1_1' title="bbox 105 259 1513 316; baseline -0.008 -12"><span class='ocrx_word' id='word_1_1' title='bbox 105 264 242 316; x_wconf 77' lang='lat'>[1069]</span> <span class='ocrx_word' id='word_1_2' title='bbox 595 259 751 298; x_wconf 83' lang='lat' dir='ltr'>LIBER</span> <span class='ocrx_word' id='word_1_3' title='bbox 779 259 1034 308; x_wconf 79' lang='lat' dir='ltr'><strong>QUARTUS.</strong></span> <span class='ocrx_word' id='word_1_4' title='bbox 1442 264 1513 300; x_wconf 82' lang='lat'>191</span> 
     </span>
     <span class='ocr_line' id='line_1_2' title="bbox 103 338 1519 409; baseline -0.004 -18"><span class='ocrx_word' id='word_1_5' title='bbox 103 344 222 409; x_wconf 85' lang='lat' dir='ltr'>regis</span> <span class='ocrx_word' id='word_1_6' title='bbox 235 378 249 400; x_wconf 93' lang='lat'><em>‚</em></span> <span class='ocrx_word' id='word_1_7' title='bbox 292 339 616 388; x_wconf 87' lang='lat' dir='ltr'>Hardecunuti</span> <span class='ocrx_word' id='word_1_8' title='bbox 658 339 784 386; x_wconf 89' lang='lat' dir='ltr'>filius</span> <span class='ocrx_word' id='word_1_9' title='bbox 820 339 914 404; x_wconf 86' lang='lat'><em>(1).</em></span> <span class='ocrx_word' id='word_1_10' title='bbox 953 339 1041 385; x_wconf 89' lang='lat' dir='ltr'>Hic</span> <span class='ocrx_word' id='word_1_11' title='bbox 1081 338 1261 403; x_wconf 81' lang='lat' dir='ltr'><strong>ingenti</strong></span> <span class='ocrx_word' id='word_1_12' title='bbox 1303 341 1519 403; x_wconf 89' lang='lat' dir='ltr'>potentia</span> 
     </span>
     <span class='ocr_line' id='line_1_3' title="bbox 103 415 1518 486; baseline -0.004 -18"><span class='ocrx_word' id='word_1_13' title='bbox 103 419 339 486; x_wconf 86' lang='lat' dir='ltr'>pollebat,</span> <span class='ocrx_word' id='word_1_14' title='bbox 369 419 611 465; x_wconf 86' lang='lat' dir='ltr'>universas</span> <span class='ocrx_word' id='word_1_15' title='bbox 638 417 773 481; x_wconf 83' lang='lat' dir='ltr'>regni</span> <span class='ocrx_word' id='word_1_16' title='bbox 802 417 872 463; x_wconf 86' lang='lat' dir='ltr'>sui</span> <span class='ocrx_word' id='word_1_17' title='bbox 898 417 1021 463; x_wconf 89' lang='lat' dir='ltr'>vires</span> <span class='ocrx_word' id='word_1_18' title='bbox 1047 415 1382 474; x_wconf 79' lang='lat' dir='ltr'>contrahebat,</span> <span class='ocrx_word' id='word_1_19' title='bbox 1413 418 1518 483; x_wconf 87' lang='lat' dir='ltr'>qui-</span> 
     </span>
     <span class='ocr_line' id='line_1_4' title="bbox 102 493 1521 560; baseline -0.002 -16"><span class='ocrx_word' id='word_1_20' title='bbox 102 498 189 544; x_wconf 87' lang='lat' dir='ltr'>bus</span> <span class='ocrx_word' id='word_1_21' title='bbox 208 516 234 543; x_wconf 84' lang='lat' dir='ltr'>a</span> <span class='ocrx_word' id='word_1_22' title='bbox 250 497 419 544; x_wconf 84' lang='lat' dir='ltr'>vicinis</span> <span class='ocrx_word' id='word_1_23' title='bbox 436 494 713 560; x_wconf 80' lang='lat' dir='ltr'>regionibus</span> <span class='ocrx_word' id='word_1_24' title='bbox 725 503 771 541; x_wconf 86' lang='lat' dir='ltr'>et</span> <span class='ocrx_word' id='word_1_25' title='bbox 781 493 941 540; x_wconf 81' lang='lat' dir='ltr'>amicis</span> <span class='ocrx_word' id='word_1_26' title='bbox 955 493 1128 540; x_wconf 86' lang='lat' dir='ltr'>auxilia</span> <span class='ocrx_word' id='word_1_27' title='bbox 1146 511 1313 559; x_wconf 85' lang='lat' dir='ltr'>magna</span> <span class='ocrx_word' id='word_1_28' title='bbox 1330 511 1521 544; x_wconf 86' lang='lat' dir='ltr'>coacer—</span> 
     </span>
     <span class='ocr_line' id='line_1_5' title="bbox 102 571 1519 637; baseline -0.001 -16"><span class='ocrx_word' id='word_1_29' title='bbox 102 574 258 621; x_wconf 84' lang='lat' dir='ltr'>vabat.</span> <span class='ocrx_word' id='word_1_30' title='bbox 288 572 588 637; x_wconf 87' lang='lat' dir='ltr'>Adjuvabant</span> <span class='ocrx_word' id='word_1_31' title='bbox 623 589 731 619; x_wconf 92' lang='lat' dir='ltr'>eum</span> <span class='ocrx_word' id='word_1_32' title='bbox 759 571 979 628; x_wconf 89' lang='lat' dir='ltr'>Polenia,</span> <span class='ocrx_word' id='word_1_33' title='bbox 1011 571 1160 617; x_wconf 86' lang='lat' dir='ltr'>Frisia</span> <span class='ocrx_word' id='word_1_34' title='bbox 1192 589 1343 619; x_wconf 88' lang='lat' dir='ltr'>necne</span> <span class='ocrx_word' id='word_1_35' title='bbox 1375 572 1519 620; x_wconf 85' lang='lat' dir='ltr'>Saxo-</span> 
     </span>
     <span class='ocr_line' id='line_1_6' title="bbox 102 648 1521 714; baseline -0.001 -16"><span class='ocrx_word' id='word_1_36' title='bbox 102 653 197 698; x_wconf 88' lang='lat' dir='ltr'>nia.</span> <span class='ocrx_word' id='word_1_37' title='bbox 219 651 428 698; x_wconf 87' lang='lat' dir='ltr'>Leuticia</span> <span class='ocrx_word' id='word_1_38' title='bbox 447 651 517 714; x_wconf 77' lang='lat'>(2)</span> <span class='ocrx_word' id='word_1_39' title='bbox 539 666 731 714; x_wconf 83' lang='lat' dir='ltr'>quoque</span> <span class='ocrx_word' id='word_1_40' title='bbox 747 665 838 713; x_wconf 83' lang='lat' dir='ltr'>pro</span> <span class='ocrx_word' id='word_1_41' title='bbox 856 649 1067 713; x_wconf 80' lang='lat' dir='ltr'>Anglicis</span> <span class='ocrx_word' id='word_1_42' title='bbox 1084 648 1256 714; x_wconf 88' lang='lat' dir='ltr'>opibus</span> <span class='ocrx_word' id='word_1_43' title='bbox 1273 651 1521 698; x_wconf 83' lang='lat' dir='ltr'>auxiliares</span> 
     </span>
     <span class='ocr_line' id='line_1_7' title="bbox 107 725 1517 789; baseline -0.001 -15"><span class='ocrx_word' id='word_1_44' title='bbox 107 740 283 775; x_wconf 87' lang='lat' dir='ltr'>turmas</span> <span class='ocrx_word' id='word_1_45' title='bbox 297 726 532 774; x_wconf 88' lang='lat' dir='ltr'>mittebat.</span> <span class='ocrx_word' id='word_1_46' title='bbox 547 728 600 772; x_wconf 89' lang='lat' dir='ltr'>In</span> <span class='ocrx_word' id='word_1_47' title='bbox 619 743 670 773; x_wconf 91' lang='lat' dir='ltr'>ea</span> <span class='ocrx_word' id='word_1_48' title='bbox 685 725 1044 789; x_wconf 83' lang='lat' dir='ltr'>populosissima</span> <span class='ocrx_word' id='word_1_49' title='bbox 1061 727 1192 773; x_wconf 88' lang='lat' dir='ltr'>natio</span> <span class='ocrx_word' id='word_1_50' title='bbox 1212 727 1517 783; x_wconf 76' lang='lat' dir='ltr'>consistebat,</span> 
     </span>
     <span class='ocr_line' id='line_1_8' title="bbox 105 802 1521 871; baseline 0 -18"><span class='ocrx_word' id='word_1_51' title='bbox 105 824 212 871; x_wconf 84' lang='lat' dir='ltr'>quae</span> <span class='ocrx_word' id='word_1_52' title='bbox 244 804 522 870; x_wconf 78' lang='lat' dir='ltr'>gentilitatis</span> <span class='ocrx_word' id='word_1_53' title='bbox 553 802 705 849; x_wconf 88' lang='lat' dir='ltr'>adhuc</span> <span class='ocrx_word' id='word_1_54' title='bbox 741 820 905 850; x_wconf 86' lang='lat' dir='ltr'>errore</span> <span class='ocrx_word' id='word_1_55' title='bbox 939 803 1129 850; x_wconf 88' lang='lat' dir='ltr'>detenta</span> <span class='ocrx_word' id='word_1_56' title='bbox 1166 822 1333 852; x_wconf 88' lang='lat' dir='ltr'>verum</span> <span class='ocrx_word' id='word_1_57' title='bbox 1365 807 1521 853; x_wconf 87' lang='lat' dir='ltr'>Deum</span> 
     </span>
     <span class='ocr_line' id='line_1_9' title="bbox 105 880 1523 946; baseline 0 -16"><span class='ocrx_word' id='word_1_58' title='bbox 105 882 343 931; x_wconf 81' lang='lat' dir='ltr'>nesciebat</span> <span class='ocrx_word' id='word_1_59' title='bbox 357 901 371 940; x_wconf 79' lang='lat'>3</span> <span class='ocrx_word' id='word_1_60' title='bbox 394 881 472 928; x_wconf 89' lang='lat' dir='ltr'>sed</span> <span class='ocrx_word' id='word_1_61' title='bbox 498 881 780 946; x_wconf 82' lang='lat' dir='ltr'>ignorantiae</span> <span class='ocrx_word' id='word_1_62' title='bbox 802 880 1079 945; x_wconf 86' lang='lat' dir='ltr'>muscipulis</span> <span class='ocrx_word' id='word_1_63' title='bbox 1098 881 1371 946; x_wconf 80' lang='lat' dir='ltr'>illaqueata,</span> <span class='ocrx_word' id='word_1_64' title='bbox 1394 883 1523 930; x_wconf 86' lang='lat' dir='ltr'>Guo-</span> 
     </span>
     <span class='ocr_line' id='line_1_10' title="bbox 104 957 1522 1023; baseline 0.001 -17"><span class='ocrx_word' id='word_1_65' title='bbox 104 960 257 1008; x_wconf 87' lang='lat' dir='ltr'>denen</span> <span class='ocrx_word' id='word_1_66' title='bbox 294 970 341 1006; x_wconf 89' lang='lat' dir='ltr'>et</span> <span class='ocrx_word' id='word_1_67' title='bbox 372 957 616 1015; x_wconf 87' lang='lat' dir='ltr'>Thurum,</span> <span class='ocrx_word' id='word_1_68' title='bbox 654 959 944 1022; x_wconf 86' lang='lat' dir='ltr'>Freamque,</span> <span class='ocrx_word' id='word_1_69' title='bbox 976 958 1186 1023; x_wconf 82' lang='lat' dir='ltr'>aliosque</span> <span class='ocrx_word' id='word_1_70' title='bbox 1216 959 1356 1006; x_wconf 88' lang='lat' dir='ltr'>falsos</span> <span class='ocrx_word' id='word_1_71' title='bbox 1382 960 1494 1007; x_wconf 88' lang='lat' dir='ltr'>deos</span> <span class='ocrx_word' id='word_1_72' title='bbox 1512 999 1522 1016; x_wconf 86' lang='lat'>‚</span> 
     </span>
     <span class='ocr_line' id='line_1_11' title="bbox 106 1035 1523 1102; baseline 0.001 -18"><span class='ocrx_word' id='word_1_73' title='bbox 106 1040 253 1085; x_wconf 90' lang='lat' dir='ltr'>immo</span> <span class='ocrx_word' id='word_1_74' title='bbox 270 1036 511 1084; x_wconf 85' lang='lat' dir='ltr'>daemones</span> <span class='ocrx_word' id='word_1_75' title='bbox 529 1035 731 1084; x_wconf 85' lang='lat' dir='ltr'>colebat.</span> <span class='ocrx_word' id='word_1_76' title='bbox 754 1036 868 1083; x_wconf 81' lang='lat' dir='ltr'>Haec</span> <span class='ocrx_word' id='word_1_77' title='bbox 886 1054 1000 1101; x_wconf 84' lang='lat' dir='ltr'>gens</span> <span class='ocrx_word' id='word_1_78' title='bbox 1021 1046 1144 1083; x_wconf 87' lang='lat' dir='ltr'>terra</span> <span class='ocrx_word' id='word_1_79' title='bbox 1163 1037 1379 1102; x_wconf 84' lang='lat' dir='ltr'>marique</span> <span class='ocrx_word' id='word_1_80' title='bbox 1396 1057 1523 1102; x_wconf 71' lang='lat' dir='ltr'>pree-</span> 
     </span>
     <span class='ocr_line' id='line_1_12' title="bbox 105 1115 1524 1180; baseline 0.001 -18"><span class='ocrx_word' id='word_1_81' title='bbox 105 1116 207 1162; x_wconf 89' lang='lat' dir='ltr'>liari</span> <span class='ocrx_word' id='word_1_82' title='bbox 228 1115 378 1179; x_wconf 86' lang='lat' dir='ltr'>perita</span> <span class='ocrx_word' id='word_1_83' title='bbox 399 1126 517 1171; x_wconf 86' lang='lat' dir='ltr'>erat,</span> <span class='ocrx_word' id='word_1_84' title='bbox 535 1132 679 1180; x_wconf 88' lang='lat' dir='ltr'>quam</span> <span class='ocrx_word' id='word_1_85' title='bbox 697 1115 881 1161; x_wconf 87' lang='lat' dir='ltr'>Suenus</span> <span class='ocrx_word' id='word_1_86' title='bbox 902 1132 1013 1161; x_wconf 92' lang='lat' dir='ltr'>cum</span> <span class='ocrx_word' id='word_1_87' title='bbox 1030 1132 1139 1179; x_wconf 81' lang='lat' dir='ltr'>rege</span> <span class='ocrx_word' id='word_1_88' title='bbox 1158 1132 1243 1163; x_wconf 87' lang='lat' dir='ltr'>suo</span> <span class='ocrx_word' id='word_1_89' title='bbox 1260 1133 1383 1180; x_wconf 85' lang='lat' dir='ltr'>saepe</span> <span class='ocrx_word' id='word_1_90' title='bbox 1400 1119 1524 1165; x_wconf 76' lang='lat' dir='ltr'>vice—</span> 
     </span>
     <span class='ocr_line' id='line_1_13' title="bbox 106 1192 1523 1259; baseline 0.001 -18"><span class='ocrx_word' id='word_1_91' title='bbox 106 1206 202 1253; x_wconf 85' lang='lat' dir='ltr'>rat,</span> <span class='ocrx_word' id='word_1_92' title='bbox 226 1211 419 1259; x_wconf 81' lang='lat' dir='ltr'>suaeque</span> <span class='ocrx_word' id='word_1_93' title='bbox 435 1193 608 1240; x_wconf 87' lang='lat' dir='ltr'>ditioni</span> <span class='ocrx_word' id='word_1_94' title='bbox 628 1192 892 1258; x_wconf 81' lang='lat' dir='ltr'>subegerat.</span> <span class='ocrx_word' id='word_1_95' title='bbox 909 1193 1075 1240; x_wconf 88' lang='lat' dir='ltr'>Multis</span> <span class='ocrx_word' id='word_1_96' title='bbox 1093 1194 1252 1259; x_wconf 85' lang='lat' dir='ltr'>itaque</span> <span class='ocrx_word' id='word_1_97' title='bbox 1267 1195 1523 1259; x_wconf 80' lang='lat' dir='ltr'>triumphis</span> 
     </span>
     <span class='ocr_line' id='line_1_14' title="bbox 107 1270 1520 1335; baseline 0.001 -18"><span class='ocrx_word' id='word_1_98' title='bbox 107 1270 410 1328; x_wconf 83' lang='lat' dir='ltr'>sublimatus,</span> <span class='ocrx_word' id='word_1_99' title='bbox 428 1281 484 1316; x_wconf 92' lang='lat' dir='ltr'>ut</span> <span class='ocrx_word' id='word_1_100' title='bbox 509 1270 599 1316; x_wconf 89' lang='lat' dir='ltr'>sibi</span> <span class='ocrx_word' id='word_1_101' title='bbox 625 1270 778 1317; x_wconf 86' lang='lat' dir='ltr'>adhuc</span> <span class='ocrx_word' id='word_1_102' title='bbox 795 1281 987 1335; x_wconf 80' lang='lat' dir='ltr'>augeret</span> <span class='ocrx_word' id='word_1_103' title='bbox 1005 1272 1268 1335; x_wconf 88' lang='lat' dir='ltr'>potentiam</span> <span class='ocrx_word' id='word_1_104' title='bbox 1290 1282 1338 1319; x_wconf 88' lang='lat' dir='ltr'>et</span> <span class='ocrx_word' id='word_1_105' title='bbox 1354 1272 1494 1320; x_wconf 83' lang='lat' dir='ltr'>decus</span> <span class='ocrx_word' id='word_1_106' title='bbox 1509 1311 1520 1330; x_wconf 90' lang='lat'>‚</span> 
     </span>
     <span class='ocr_line' id='line_1_15' title="bbox 108 1347 1525 1414; baseline 0.001 -18"><span class='ocrx_word' id='word_1_107' title='bbox 108 1360 274 1396; x_wconf 87' lang='lat' dir='ltr'>contra</span> <span class='ocrx_word' id='word_1_108' title='bbox 296 1347 612 1395; x_wconf 90' lang='lat' dir='ltr'>Guillelmum</span> <span class='ocrx_word' id='word_1_109' title='bbox 635 1365 794 1413; x_wconf 84' lang='lat' dir='ltr'>regem</span> <span class='ocrx_word' id='word_1_110' title='bbox 826 1348 912 1411; x_wconf 87' lang='lat' dir='ltr'>(ut</span> <span class='ocrx_word' id='word_1_111' title='bbox 942 1347 1276 1412; x_wconf 70' lang='lat' dir='ltr'>praediximus)</span> <span class='ocrx_word' id='word_1_112' title='bbox 1306 1367 1525 1414; x_wconf 82' lang='lat' dir='ltr'>magnam</span> 
     </span>
     <span class='ocr_line' id='line_1_16' title="bbox 109 1425 1525 1490; baseline 0.001 -18"><span class='ocrx_word' id='word_1_113' title='bbox 109 1426 299 1474; x_wconf 85' lang='lat' dir='ltr'>classem</span> <span class='ocrx_word' id='word_1_114' title='bbox 325 1427 373 1472; x_wconf 83' lang='lat' dir='ltr'>in</span> <span class='ocrx_word' id='word_1_115' title='bbox 398 1425 617 1490; x_wconf 80' lang='lat' dir='ltr'>Angliam</span> <span class='ocrx_word' id='word_1_116' title='bbox 648 1426 779 1472; x_wconf 89' lang='lat' dir='ltr'>misit</span> <span class='ocrx_word' id='word_1_117' title='bbox 803 1426 1002 1472; x_wconf 84' lang='lat' dir='ltr'>Suenus.</span> <span class='ocrx_word' id='word_1_118' title='bbox 1030 1425 1264 1490; x_wconf 86' lang='lat' dir='ltr'>Appulsos</span> <span class='ocrx_word' id='word_1_119' title='bbox 1291 1427 1525 1474; x_wconf 86' lang='lat' dir='ltr'>Doveram</span> 
     </span>
     <span class='ocr_line' id='line_1_17' title="bbox 108 1502 1528 1568; baseline 0 -17"><span class='ocrx_word' id='word_1_120' title='bbox 108 1506 351 1568; x_wconf 82' lang='lat' dir='ltr'>regiorum</span> <span class='ocrx_word' id='word_1_121' title='bbox 373 1503 583 1549; x_wconf 86' lang='lat' dir='ltr'>militum</span> <span class='ocrx_word' id='word_1_122' title='bbox 603 1520 825 1549; x_wconf 86' lang='lat' dir='ltr'>occursus</span> <span class='ocrx_word' id='word_1_123' title='bbox 845 1503 1039 1566; x_wconf 86' lang='lat' dir='ltr'>repulit.</span> <span class='ocrx_word' id='word_1_124' title='bbox 1066 1502 1236 1549; x_wconf 88' lang='lat' dir='ltr'>Itidem</span> <span class='ocrx_word' id='word_1_125' title='bbox 1261 1504 1384 1567; x_wconf 85' lang='lat' dir='ltr'>apud</span> <span class='ocrx_word' id='word_1_126' title='bbox 1407 1506 1528 1551; x_wconf 81' lang='lat' dir='ltr'>San-</span> 
     </span>
     <span class='ocr_line' id='line_1_18' title="bbox 108 1580 1524 1646; baseline 0 -18"><span class='ocrx_word' id='word_1_127' title='bbox 108 1583 300 1646; x_wconf 78' lang='lat' dir='ltr'>guicum</span> <span class='ocrx_word' id='word_1_128' title='bbox 319 1582 390 1645; x_wconf 80' lang='lat'>(5)</span> <span class='ocrx_word' id='word_1_129' title='bbox 411 1580 561 1627; x_wconf 85' lang='lat' dir='ltr'>abacti</span> <span class='ocrx_word' id='word_1_130' title='bbox 581 1590 693 1626; x_wconf 90' lang='lat' dir='ltr'>sunt</span> <span class='ocrx_word' id='word_1_131' title='bbox 706 1616 719 1637; x_wconf 84' lang='lat'>‚</span> <span class='ocrx_word' id='word_1_132' title='bbox 742 1580 821 1627; x_wconf 83' lang='lat' dir='ltr'>sed</span> <span class='ocrx_word' id='word_1_133' title='bbox 839 1598 863 1625; x_wconf 91' lang='lat' dir='ltr'>a</span> <span class='ocrx_word' id='word_1_134' title='bbox 882 1580 1174 1627; x_wconf 83' lang='lat' dir='ltr'>Normannis</span> <span class='ocrx_word' id='word_1_135' title='bbox 1194 1582 1369 1645; x_wconf 90' lang='lat' dir='ltr'>repulsi</span> <span class='ocrx_word' id='word_1_136' title='bbox 1395 1593 1524 1628; x_wconf 87' lang='lat' dir='ltr'>sunt.</span> 
     </span>
     <span class='ocr_line' id='line_1_19' title="bbox 110 1657 1527 1723; baseline -0.001 -17"><span class='ocrx_word' id='word_1_137' title='bbox 110 1660 243 1706; x_wconf 88' lang='lat' dir='ltr'>Nacti</span> <span class='ocrx_word' id='word_1_138' title='bbox 258 1659 669 1723; x_wconf 85' lang='lat' dir='ltr'>opportunitatem</span> <span class='ocrx_word' id='word_1_139' title='bbox 680 1658 968 1723; x_wconf 80' lang='lat' dir='ltr'>egrediendi,</span> <span class='ocrx_word' id='word_1_140' title='bbox 985 1657 1109 1722; x_wconf 87' lang='lat' dir='ltr'>apud</span> <span class='ocrx_word' id='word_1_141' title='bbox 1125 1657 1441 1722; x_wconf 88' lang='lat' dir='ltr'>Gepesuicum</span> <span class='ocrx_word' id='word_1_142' title='bbox 1453 1660 1527 1723; x_wconf 66' lang='lat'>(4)</span> 
     </span>
     <span class='ocr_line' id='line_1_20' title="bbox 113 1735 1527 1801; baseline 0.001 -20"><span class='ocrx_word' id='word_1_143' title='bbox 113 1737 162 1782; x_wconf 90' lang='lat' dir='ltr'>in</span> <span class='ocrx_word' id='word_1_144' title='bbox 187 1736 395 1800; x_wconf 78' lang='lat' dir='ltr'>praedam</span> <span class='ocrx_word' id='word_1_145' title='bbox 424 1736 580 1782; x_wconf 83' lang='lat' dir='ltr'>diffusi</span> <span class='ocrx_word' id='word_1_146' title='bbox 617 1745 755 1791; x_wconf 81' lang='lat' dir='ltr'>sunt3</span> <span class='ocrx_word' id='word_1_147' title='bbox 793 1735 872 1783; x_wconf 84' lang='lat' dir='ltr'>sed</span> <span class='ocrx_word' id='word_1_148' title='bbox 904 1735 1221 1800; x_wconf 81' lang='lat' dir='ltr'>provinciales</span> <span class='ocrx_word' id='word_1_149' title='bbox 1255 1740 1527 1801; x_wconf 75' lang='lat' dir='ltr'>congregati</span> 
     </span>
     <span class='ocr_line' id='line_1_21' title="bbox 112 1813 1529 1879; baseline 0.003 -20"><span class='ocrx_word' id='word_1_150' title='bbox 112 1815 310 1879; x_wconf 83' lang='lat' dir='ltr'>triginta</span> <span class='ocrx_word' id='word_1_151' title='bbox 333 1825 622 1860; x_wconf 77' lang='lat' dir='ltr'>necaverunt</span> <span class='ocrx_word' id='word_1_152' title='bbox 639 1850 652 1869; x_wconf 88' lang='lat'>,</span> <span class='ocrx_word' id='word_1_153' title='bbox 684 1824 731 1860; x_wconf 82' lang='lat' dir='ltr'>et</span> <span class='ocrx_word' id='word_1_154' title='bbox 766 1813 975 1878; x_wconf 86' lang='lat' dir='ltr'>reliquos</span> <span class='ocrx_word' id='word_1_155' title='bbox 1011 1815 1060 1859; x_wconf 86' lang='lat' dir='ltr'>in</span> <span class='ocrx_word' id='word_1_156' title='bbox 1097 1814 1325 1879; x_wconf 80' lang='lat' dir='ltr'>effugium</span> <span class='ocrx_word' id='word_1_157' title='bbox 1360 1832 1529 1879; x_wconf 73' lang='lat' dir='ltr'>coege-</span> 
     </span>
     <span class='ocr_line' id='line_1_22' title="bbox 113 1890 1529 1955; baseline 0.003 -19"><span class='ocrx_word' id='word_1_158' title='bbox 113 1901 246 1937; x_wconf 88' lang='lat' dir='ltr'>runt.</span> <span class='ocrx_word' id='word_1_159' title='bbox 274 1892 497 1955; x_wconf 82' lang='lat' dir='ltr'>Egressos</span> <span class='ocrx_word' id='word_1_160' title='bbox 527 1890 811 1955; x_wconf 81' lang='lat' dir='ltr'>Northguici</span> <span class='ocrx_word' id='word_1_161' title='bbox 839 1892 914 1954; x_wconf 84' lang='lat'>(5)</span> <span class='ocrx_word' id='word_1_162' title='bbox 953 1891 1010 1937; x_wconf 85' lang='lat' dir='ltr'>ad</span> <span class='ocrx_word' id='word_1_163' title='bbox 1042 1891 1245 1938; x_wconf 88' lang='lat' dir='ltr'>similem</span> <span class='ocrx_word' id='word_1_164' title='bbox 1268 1892 1529 1941; x_wconf 79' lang='lat' dir='ltr'>discursio-</span> 
     </span>
     <span class='ocr_line' id='line_1_23' title="bbox 116 1966 1526 2023; baseline 0.003 -11"><span class='ocrx_word' id='word_1_165' title='bbox 116 1984 227 2013; x_wconf 87' lang='lat' dir='ltr'>nem</span> <span class='ocrx_word' id='word_1_166' title='bbox 267 1967 496 2012; x_wconf 84' lang='lat' dir='ltr'>Radulfus</span> <span class='ocrx_word' id='word_1_167' title='bbox 531 1966 588 2013; x_wconf 91' lang='lat' dir='ltr'>de</span> <span class='ocrx_word' id='word_1_168' title='bbox 627 1966 815 2013; x_wconf 87' lang='lat' dir='ltr'>Guader</span> <span class='ocrx_word' id='word_1_169' title='bbox 854 1967 1047 2022; x_wconf 83' lang='lat' dir='ltr'>invasit,</span> <span class='ocrx_word' id='word_1_170' title='bbox 1083 1978 1130 2013; x_wconf 91' lang='lat' dir='ltr'>et</span> <span class='ocrx_word' id='word_1_171' title='bbox 1166 1967 1330 2013; x_wconf 89' lang='lat' dir='ltr'>multis</span> <span class='ocrx_word' id='word_1_172' title='bbox 1364 1968 1495 2017; x_wconf 76' lang='lat' dir='ltr'>ferro</span> <span class='ocrx_word' id='word_1_173' title='bbox 1515 2006 1526 2023; x_wconf 61' lang='lat'>9</span> 
     </span>
     <span class='ocr_line' id='line_1_24' title="bbox 116 2042 1531 2108; baseline 0.002 -21"><span class='ocrx_word' id='word_1_174' title='bbox 116 2042 279 2088; x_wconf 89' lang='lat' dir='ltr'>multis</span> <span class='ocrx_word' id='word_1_175' title='bbox 308 2059 426 2106; x_wconf 87' lang='lat' dir='ltr'>aqua</span> <span class='ocrx_word' id='word_1_176' title='bbox 452 2043 596 2088; x_wconf 87' lang='lat' dir='ltr'>vitam</span> <span class='ocrx_word' id='word_1_177' title='bbox 618 2043 820 2100; x_wconf 90' lang='lat' dir='ltr'>ademit,</span> <span class='ocrx_word' id='word_1_178' title='bbox 848 2052 894 2089; x_wconf 90' lang='lat' dir='ltr'>et</span> <span class='ocrx_word' id='word_1_179' title='bbox 920 2043 1129 2108; x_wconf 84' lang='lat' dir='ltr'>reliquos</span> <span class='ocrx_word' id='word_1_180' title='bbox 1154 2045 1359 2108; x_wconf 84' lang='lat' dir='ltr'>turpiter</span> <span class='ocrx_word' id='word_1_181' title='bbox 1392 2047 1531 2091; x_wconf 54' lang='lat' dir='ltr'>‘navi—</span> 
     </span>
     <span class='ocr_line' id='line_1_25' title="bbox 116 2120 1531 2185; baseline 0.002 -20"><span class='ocrx_word' id='word_1_182' title='bbox 116 2121 247 2184; x_wconf 80' lang='lat' dir='ltr'>gium</span> <span class='ocrx_word' id='word_1_183' title='bbox 264 2120 544 2183; x_wconf 86' lang='lat' dir='ltr'>arripientes</span> <span class='ocrx_word' id='word_1_184' title='bbox 564 2121 612 2166; x_wconf 87' lang='lat' dir='ltr'>in</span> <span class='ocrx_word' id='word_1_185' title='bbox 630 2120 819 2185; x_wconf 82' lang='lat' dir='ltr'>pelagus</span> <span class='ocrx_word' id='word_1_186' title='bbox 835 2120 964 2168; x_wconf 88' lang='lat' dir='ltr'>abire</span> <span class='ocrx_word' id='word_1_187' title='bbox 982 2121 1233 2184; x_wconf 87' lang='lat' dir='ltr'>compulit.</span> <span class='ocrx_word' id='word_1_188' title='bbox 1255 2123 1354 2168; x_wconf 87' lang='lat' dir='ltr'>Rex</span> <span class='ocrx_word' id='word_1_189' title='bbox 1373 2134 1531 2170; x_wconf 85' lang='lat' dir='ltr'>autem</span> 
     </span>
    </p>
   </div>
   <div class='ocr_carea' id='block_1_2' title="bbox 122 2346 1530 2801">
    <p class='ocr_par' dir='ltr' id='par_1_2' title="bbox 123 2346 1523 2452">
     <span class='ocr_line' id='line_1_26' title="bbox 166 2346 1523 2393; baseline 0.004 -14"><span class='ocrx_word' id='word_1_190' title='bbox 166 2347 216 2391; x_wconf 80' lang='grc' dir='ltr'>(ι)</span> <span class='ocrx_word' id='word_1_191' title='bbox 241 2346 386 2380; x_wconf 84' lang='lat' dir='ltr'>Suenon</span> <span class='ocrx_word' id='word_1_192' title='bbox 415 2347 539 2381; x_wconf 77' lang='lat' dir='ltr'>n‘etait</span> <span class='ocrx_word' id='word_1_193' title='bbox 557 2348 662 2393; x_wconf 86' lang='lat' dir='ltr'>point</span> <span class='ocrx_word' id='word_1_194' title='bbox 684 2346 738 2381; x_wconf 83' lang='lat' dir='ltr'>fils</span> <span class='ocrx_word' id='word_1_195' title='bbox 757 2346 802 2381; x_wconf 87' lang='lat' dir='ltr'>de</span> <span class='ocrx_word' id='word_1_196' title='bbox 824 2347 1070 2391; x_wconf 76' lang='lat' dir='ltr'>Hardicauut,</span> <span class='ocrx_word' id='word_1_197' title='bbox 1100 2361 1240 2383; x_wconf 86' lang='lat' dir='ltr'>comme</span> <span class='ocrx_word' id='word_1_198' title='bbox 1269 2356 1374 2384; x_wconf 80' lang='lat' dir='ltr'>notre</span> <span class='ocrx_word' id='word_1_199' title='bbox 1400 2358 1523 2385; x_wconf 80' lang='lat' dir='ltr'>aulem</span> 
     </span>
     <span class='ocr_line' id='line_1_27' title="bbox 123 2404 885 2452; baseline 0.004 -15"><span class='ocrx_word' id='word_1_200' title='bbox 123 2404 154 2438; x_wconf 91' lang='lat' dir='ltr'>le</span> <span class='ocrx_word' id='word_1_201' title='bbox 172 2415 345 2450; x_wconf 82' lang='lat' dir='ltr'>suppose,</span> <span class='ocrx_word' id='word_1_202' title='bbox 368 2404 457 2438; x_wconf 84' lang='lat' dir='ltr'>mais</span> <span class='ocrx_word' id='word_1_203' title='bbox 477 2417 540 2439; x_wconf 88' lang='lat' dir='ltr'>sou</span> <span class='ocrx_word' id='word_1_204' title='bbox 559 2406 885 2452; x_wconf 79' lang='lat' dir='ltr'>cousin—germain.</span> 
     </span>
    </p>

    <p class='ocr_par' dir='ltr' id='par_1_3' title="bbox 122 2462 1530 2616">
     <span class='ocr_line' id='line_1_28' title="bbox 172 2462 1529 2511; baseline 0.006 -17"><span class='ocrx_word' id='word_1_205' title='bbox 172 2464 223 2506; x_wconf 77' lang='lat'>(2)</span> <span class='ocrx_word' id='word_1_206' title='bbox 248 2462 339 2507; x_wconf 67' lang='lat' dir='ltr'>Pays</span> <span class='ocrx_word' id='word_1_207' title='bbox 356 2462 400 2495; x_wconf 81' lang='lat' dir='ltr'>de</span> <span class='ocrx_word' id='word_1_208' title='bbox 415 2462 650 2510; x_wconf 76' lang='lat' dir='ltr'>l’Allemagne</span> <span class='ocrx_word' id='word_1_209' title='bbox 662 2465 943 2511; x_wconf 82' lang='lat' dir='ltr'>septentrionale</span> <span class='ocrx_word' id='word_1_210' title='bbox 959 2477 1022 2499; x_wconf 79' lang='lat' dir='ltr'>sur</span> <span class='ocrx_word' id='word_1_211' title='bbox 1038 2465 1069 2499; x_wconf 85' lang='lat' dir='ltr'>la</span> <span class='ocrx_word' id='word_1_212' title='bbox 1088 2466 1163 2499; x_wconf 86' lang='lat' dir='ltr'>rive</span> <span class='ocrx_word' id='word_1_213' title='bbox 1179 2466 1317 2511; x_wconf 76' lang='lat' dir='ltr'>gauche</span> <span class='ocrx_word' id='word_1_214' title='bbox 1329 2466 1374 2500; x_wconf 85' lang='lat' dir='ltr'>dc</span> <span class='ocrx_word' id='word_1_215' title='bbox 1387 2466 1529 2509; x_wconf 63' lang='lat' dir='ltr'>l&#39;Odcr,</span> 
     </span>
     <span class='ocr_line' id='line_1_29' title="bbox 122 2520 1530 2570; baseline 0.005 -17"><span class='ocrx_word' id='word_1_216' title='bbox 122 2521 211 2555; x_wconf 84' lang='lat' dir='ltr'>dans</span> <span class='ocrx_word' id='word_1_217' title='bbox 235 2520 267 2554; x_wconf 84' lang='lat' dir='ltr'>le</span> <span class='ocrx_word' id='word_1_218' title='bbox 287 2521 469 2566; x_wconf 74' lang='lat' dir='ltr'>voisinage</span> <span class='ocrx_word' id='word_1_219' title='bbox 487 2521 531 2556; x_wconf 91' lang='lat' dir='ltr'>de</span> <span class='ocrx_word' id='word_1_220' title='bbox 552 2534 615 2556; x_wconf 80' lang='lat' dir='ltr'>son</span> <span class='ocrx_word' id='word_1_221' title='bbox 633 2523 899 2566; x_wconf 83' lang='lat' dir='ltr'>embouchurc,</span> <span class='ocrx_word' id='word_1_222' title='bbox 922 2531 959 2559; x_wconf 85' lang='lat' dir='ltr'>et</span> <span class='ocrx_word' id='word_1_223' title='bbox 984 2537 1049 2570; x_wconf 84' lang='lat' dir='ltr'>par</span> <span class='ocrx_word' id='word_1_224' title='bbox 1067 2525 1290 2570; x_wconf 70' lang='lat' dir='ltr'>consequent</span> <span class='ocrx_word' id='word_1_225' title='bbox 1309 2537 1353 2558; x_wconf 89' lang='lat' dir='ltr'>au</span> <span class='ocrx_word' id='word_1_226' title='bbox 1374 2526 1465 2559; x_wconf 80' lang='lat' dir='ltr'>nord</span> <span class='ocrx_word' id='word_1_227' title='bbox 1485 2526 1530 2560; x_wconf 69' lang='lat' dir='ltr'>de</span> 
     </span>
     <span class='ocr_line' id='line_1_30' title="bbox 125 2582 274 2616; baseline 0 -2"><span class='ocrx_word' id='word_1_228' title='bbox 125 2582 156 2615; x_wconf 83' lang='lat' dir='ltr'>la</span> <span class='ocrx_word' id='word_1_229' title='bbox 174 2582 274 2616; x_wconf 76' lang='lat' dir='ltr'>Saxe.</span> 
     </span>
    </p>

    <p class='ocr_par' dir='ltr' id='par_1_4' title="bbox 170 2638 435 2684">
     <span class='ocr_line' id='line_1_31' title="bbox 170 2638 435 2684; baseline -0.008 -11"><span class='ocrx_word' id='word_1_230' title='bbox 170 2638 219 2684; x_wconf 69' lang='lat'>(5)</span> <span class='ocrx_word' id='word_1_231' title='bbox 243 2638 435 2673; x_wconf 72' lang='lat' dir='ltr'>sandwich</span> 
     </span>
    </p>

    <p class='ocr_par' dir='ltr' id='par_1_5' title="bbox 171 2698 416 2744">
     <span class='ocr_line' id='line_1_32' title="bbox 171 2698 416 2744; baseline 0.004 -13"><span class='ocrx_word' id='word_1_232' title='bbox 171 2699 220 2742; x_wconf 63' lang='lat'>(4)</span> <span class='ocrx_word' id='word_1_233' title='bbox 246 2698 416 2744; x_wconf 59' lang='lat' dir='ltr'>Ipsi-vicli.</span> 
     </span>
    </p>

    <p class='ocr_par' dir='ltr' id='par_1_6' title="bbox 174 2756 433 2801">
     <span class='ocr_line' id='line_1_33' title="bbox 174 2756 433 2801; baseline 0.008 -12"><span class='ocrx_word' id='word_1_234' title='bbox 174 2756 221 2801; x_wconf 69' lang='lat'>(5)</span> <span class='ocrx_word' id='word_1_235' title='bbox 251 2758 433 2792; x_wconf 72' lang='lat' dir='ltr'>Norwicln.</span> 
     </span>
    </p>
   </div>
  </div>
 </body>
</html>
