1951 3194
398 281 476 316 210
704 274 946 313 HISTORIA
980 271 1380 309 ECCLESIAS'I'ICA.
1416 275 1537 322 [611161
1565 272 1815 323 lolio-1070]

398 361 436 405 A
448 353 822 404 nimadvertebat
837 370 947 398 cum
964 351 1244 397 Ecclesiaste
1260 351 1409 415 (quod
1426 351 1641 398 nondum
1655 352 1819 399 Eccle-

394 436 591 482 siasticae
617 432 834 479 lectionis
861 448 946 476 usu
976 429 1172 492 didicit)
1201 429 1310 493 quia
1337 430 1501 476 mundi
1532 431 1658 477 bona
1685 430 1818 476 vani-

398 525 482 559 tas.
512 510 782 574 Repentino
808 509 967 572 itaque
998 507 1143 552 animi
1171 516 1450 570 contemptu
1469 510 1648 571 Jactans
1673 525 1818 554 mun-

395 589 510 636 dum
530 604 581 633 ac
600 604 670 642 se,
694 585 1020 648 arripiensque
1039 584 1283 647 religionis
1309 584 1650 647 professionem
1665 622 1677 642 ‚
1699 588 1817 650 jugo

397 665 602 731 regulari
637 662 849 709 subdidit
877 681 940 709 se.
974 661 1317 708 Coenobiolum
1348 662 1577 709 Becccnse
1611 663 1659 709 in
1691 663 1819 710 Nor-

396 742 587 790 mannia
616 741 707 788 loci
734 740 827 785 situ
852 750 897 786 et
923 748 1199 803 *paupertate
1223 738 1388 801 elegit,
1416 739 1544 804 quod
1568 739 1820 802 prudentia

399 821 542 884 ipsius
558 817 1006 883 vigilantissimaque
1027 833 1138 861 cura
1158 816 1491 879 locupletavit,
1513 818 1625 863 etin
1646 827 1822 862 statum

397 896 709 963 pulcherrimi
751 894 932 941 ordinis
974 894 1193 957 provexit
1213 929 1225 950 ,
1272 893 1388 939 dum
1425 912 1582 941 severa
1622 895 1823 959 mitique

398 975 646 1040 disciplina
692 983 878 1037 regeret
918 972 1186 1022 fraternum
1230 972 1484 1037 collegium
1501 1010 1513 1030 ,
1559 972 1825 1038 humilique

400 1067 448 1103 et
479 1055 583 1101 utili
622 1053 825 1099 consilio
858 1062 1075 1096 sanctum
1110 1050 1358 1107 abbatem,
1398 1052 1596 1098 nomine
1633 1052 1826 1098 Herlui-

399 1151 535 1180 num.
564 1129 875 1194 Neophytum
899 1128 1088 1174 exulem
1107 1163 1118 1182 ‚
1146 1127 1261 1172 (lum
1285 1146 1381 1174 sese
1411 1129 1536 1174 vitiis
1568 1139 1614 1176 et
1644 1128 1826 1175 mundo

401 1210 743 1265 mortificaret,
781 1217 827 1254 et
861 1223 952 1270 pro
983 1206 1164 1252 intimis
1195 1223 1247 1251 ac
1277 1207 1493 1269 supernis
1526 1208 1730 1253 maxime
1761 1207 1825 1253 la-

400 1290 621 1343 boraret,
649 1284 913 1350 publicavit
948 1283 1072 1329 Deus
1102 1284 1343 1347 inspector
1369 1284 1741 1347 cogitationum,
1774 1295 1830 1330 ut

401 1369 596 1415 lucerna
640 1373 904 1429 poneretur
942 1378 1083 1425 super
1122 1360 1492 1417 candelabrum,
1541 1362 1831 1426 Dominique

404 1444 750 1493 convenienter
769 1440 1061 1487 illuminaret
1078 1439 1416 1502 amplissimam
1428 1439 1640 1486 domum.
1655 1440 1833 1487 Coactu

402 1522 690 1572 obedientiae
728 1520 786 1566 (le
819 1518 1055 1564 claustrali
1098 1517 1258 1581 quiete
1299 1527 1570 1580 protractus
1611 1518 1833 1581 magister

406 1600 665 1666 processit,
688 1613 785 1661 quo
808 1595 1009 1642 docente
1031 1593 1469 1658 philosophicarum
1489 1612 1542 1640 ac
1564 1594 1834 1641 divinarum

409 1680 675 1724 litterarum
697 1673 990 1721 bibliotheca
1009 1673 1200 1719 effulsit.
1225 1673 1277 1717 111
1297 1682 1496 1736 utraque
1516 1671 1666 1720 nodos
1682 1691 1834 1737 quaes-

412 1758 602 1804 tionum
623 1753 805 1800 solvere
827 1751 1186 1816 potentissimus
1213 1760 1330 1796 erat.
1360 1752 1462 1796 Hoc
1486 1752 1711 1815 magistro
1734 1753 1837 1815 pri-

411 1837 558 1881 mitus
585 1831 855 1879 Normanni
880 1830 1216 1876 litteratoriam
1234 1839 1383 1874 artem
1403 1830 1683 1892 perscrutati
1704 1840 1833 1886 sunt,

415 1925 461 1960 et
480 1911 536 1958 de
555 1909 711 1956 schola
735 1908 951 1954 Beccensi
973 1907 1249 1970 eloquentes
1271 1907 1316 1952 in
1338 1906 1511 1952 divinis
1536 1917 1583 1953 et
1602 1908 1836 1953 saeculari-

416 1991 504 2037 bus
536 1987 757 2052 sophistae
794 1994 1145 2049 processerunt.
1180 1984 1300 2029 Nam
1337 1995 1472 2030 antea
1505 1985 1593 2031 sub
1625 1996 1840 2049 tempore

419 2085 497 2115 sex
520 2067 697 2112 ducum
724 2063 958 2109 Neustriae
985 2062 1063 2107 vix
1094 2061 1217 2107 ullus
1246 2061 1641 2109 Normannorum
1667 2062 1841 2109 libera-

421 2144 544 2191 libus
569 2141 734 2188 studiis
761 2139 980 2196 adhaesit,
1008 2157 1094 2185 1166
1121 2139 1290 2185 doctor
1314 2140 1660 2198 inveniebatur,
1688 2141 1841 2188 donec

423 2222 646 2288 provisor
665 2219 884 2266 omnium
902 2220 1024 2264 Deus
1050 2217 1385 2264 Normannicis
1405 2219 1500 2264 oris
1522 2219 1842 2266 Lanfraucum

424 2298 624 2364 appulit.
659 2297 797 2342 Fama
820 2295 1005 2359 peritiae
1037 2295 1161 2340 illius
1188 2295 1235 2340 in
1268 2304 1364 2340 tota
1392 2294 1600 2341 ubertim
1631 2297 1845 2343 innotuit

427 2380 646 2440 Europa;
688 2373 812 2420 uncle
846 2373 903 2419 ad
939 2373 1262 2437 magisterium
1291 2374 1388 2436 ejus
1427 2374 1565 2420 multi
1604 2391 1845 2421 convene—

427 2466 543 2503 runt
577 2454 634 2500 de
667 2452 890 2506 Francia,
930 2450 986 2497 (le
1018 2450 1298 2507 &Vasconim
1333 2452 1389 2497 (16
1412 2452 1656 2499 Britannia
1695 2470 1844 2499 necne

425 2532 663 2581 Flandria.

493 2607 837 2657 Admirandum
858 2618 1203 2671 cognoscerent
1224 2608 1467 2672 ingenium
1488 2607 1594 2665 sibi,
1617 2607 1847 2653 studium-

428 2706 520 2753 que
546 2686 798 2733 Lanfranci
825 2684 1121 2732 Herodianus
1148 2686 1192 2732 in
1223 2687 1549 2750 grammatica,
1573 2685 1849 2732 Aristoteles

433 2766 479 2811 in
501 2764 739 2810 dialectica
761 2800 771 2818 ,
798 2764 983 2809 Tullius
1005 2764 1050 2809 in
1073 2763 1335 2820 rhetorica,
1361 2763 1651 2826 Augustinus
1672 2775 1717 2809 et
1744 2764 1850 2810 Hie-
