1951 3194
453 309 531 349 346
820 308 1061 348 HISTORIA
1092 307 1412 347 ECCLESIASTI
1420 311 1493 348 CA.

454 389 602 436 banus
629 405 800 453 genere
826 388 1020 444 Scotus,
1049 398 1300 453 postquam
1326 388 1375 435 in
1399 388 1550 437 Gallia
1573 391 1867 438 Luxoviense

453 467 797 514 monasterium
816 475 1165 522 construxerat,
1191 466 1238 511 in
1259 466 1390 512 ltalia
1409 466 1457 513 in
1477 467 1676 531 Alpibus
1695 468 1866 517 Cottiis

454 542 686 591 Bobiense
711 542 942 589 condidit.

454 666 507 686 20.
632 652 833 687 Audoenus
850 653 937 687 huic
957 654 1140 697 suecessit,
1161 653 1362 700 pontificali

635 711 780 747 Ordine
799 711 1051 759 splendescens
1063 740 1072 755 ,
1092 712 1290 748 virtutibus
1308 719 1418 760 atque
1435 714 1619 761 refulgens
1632 716 1697 759 (1).

452 815 540 860 Hic
561 831 679 860 xmn
706 815 860 872 anniS,
888 826 1103 879 tempore
1122 815 1382 873 Theodori,
1405 817 1622 873 Martini,
1641 818 1864 882 Eugenii,

450 892 700 950 Vitaliani‚
725 892 983 952 Adeodati‚
1009 894 1162 951 Doni,
1183 894 1470 960 Agathonis,
1494 896 1690 954 Leonis,
1715 898 1869 945 Bene-

449 970 563 1016 dicti
589 981 635 1017 et
648 970 878 1018 Johannis
894 990 1141 1036 paparum,
1163 973 1451 1021 Heracleona
1475 974 1576 1022 filio
1596 975 1800 1022 Heraclii
1821 985 1868 1023 et

452 1047 605 1094 tribus
625 1049 951 1096 Constantinis
971 1049 1334 1112 imperantibus,
1353 1051 1601 1116 insigniter
1614 1052 1766 1110 fulsit,
1785 1052 1870 1100 diu

451 1136 497 1172 et
514 1124 636 1172 bene
648 1126 785 1183 vixit,
799 1126 1008 1172 multum
1025 1125 1276 1186 laboravit,
1294 1128 1613 1194 Ecclesiaeque
1628 1129 1711 1176 Dei
1726 1130 1868 1176 mira-

450 1203 611 1249 biliter
627 1203 829 1267 profuit.
858 1204 940 1251 Vis
957 1204 1076 1250 mihi
1096 1204 1154 1251 ad
1173 1205 1493 1253 enarrandum
1511 1207 1671 1254 deficit
1691 1217 1867 1271 quanta

450 1281 701 1329 nobilitate
724 1292 773 1330 et
792 1284 1058 1339 sanctitate,
1079 1285 1311 1349 omnique
1328 1284 1569 1349 probitate
1591 1286 1664 1331 vir
1687 1285 1773 1332 iste
1791 1287 1867 1332 vi-

447 1359 569 1423 guit.
593 1359 829 1406 Martinus
854 1378 971 1425 papa
994 1361 1230 1426 synodum
1252 1379 1310 1407 cv
1330 1362 1589 1425 praesulum
1610 1363 1777 1410 Romae
1799 1372 1868 1410 te-

448 1438 579 1494 nuit,
600 1449 647 1484 et
664 1437 974 1502 postmodum
993 1455 1083 1503 pro
1099 1438 1190 1486 fide
1209 1438 1438 1486 catholica
1455 1457 1541 1503 per
1558 1438 1869 1487 Theodorum

449 1515 718 1571 exarchum,
724 1519 858 1581 jussu
869 1518 1171 1565 Constantini
1185 1518 1373 1582 nepotis
1383 1518 1602 1577 Heraclii,
1614 1529 1775 1584 raptus
1783 1530 1866 1576 est,

449 1605 495 1641 et
506 1595 630 1659 apud
643 1595 935 1643 Chersonam
950 1596 1200 1660 relegatus,
1220 1606 1384 1643 sancto
1397 1596 1490 1643 fine
1500 1596 1697 1661 quievit.
1714 1595 1868 1644 Theo-

446 1674 591 1720 dorus
614 1675 993 1738 archiepiscopus
1018 1685 1065 1721 et
1087 1673 1323 1720 Adrianus
1346 1673 1488 1721 abbas
1506 1675 1580 1720 vir
1598 1692 1735 1740 aeque
1753 1674 1867 1722 doc-

447 1753 680 1810 tissimus,
704 1771 727 1798 a
747 1752 986 1800 Vitaliano
1002 1770 1120 1816 papa
1141 1752 1269 1798 missi
1292 1752 1612 1808 Britanniam,
1639 1753 1865 1815 plurimas

447 1829 715 1893 Anglorum
739 1829 952 1876 ecclesias
981 1829 1216 1876 doctrinae
1239 1828 1376 1893 fruge
1401 1828 1763 1876 foecundarunt.
1790 1830 1865 1876 Ex

446 1924 543 1970 quo
571 1906 828 1971 Gregorius
858 1924 975 1971 papa
1001 1906 1345 1970 dispensatores
1369 1907 1518 1953 divini
1553 1908 1744 1955 seminis
1768 1910 1865 1955 mi-

446 1983 507 2028 sit
545 1984 593 2030 in
625 1983 843 2048 Angliam
857 2020 870 2041 ‚
905 1984 1196 2048 Augustinus
1232 1995 1279 2030 et
1307 1985 1592 2031 Laurentius
1607 2021 1620 2042 ,
1657 1985 1865 2032 Mellitus

448 2062 796 2109 Lundoniensis
831 2072 878 2109 et
907 2063 1067 2108 Justus
1099 2061 1343 2118 Rofensis‚
1378 2063 1618 2109 Honorius
1642 2074 1689 2110 et
1713 2063 1865 2110 Deus-

446 2139 577 2185 dedit
614 2142 1001 2187 Cantuariensem
1036 2140 1277 2187 ecclesiam
1310 2151 1566 2198 rexerunt,
1608 2151 1654 2187 et
1684 2141 1864 2187 Cantiae

446 2234 576 2280 reges
612 2215 916 2264 Edilbertum
956 2227 1003 2263 et
1039 2216 1330 2263 Eadhaldum
1346 2253 1361 2275 ‚
1406 2215 1779 2264 Ercombertum
1818 2227 1865 2264 et

450 2293 706 2358 Rigbertum
733 2312 842 2340 cum
873 2293 1080 2358 subjecta
1110 2305 1251 2359 gente
1283 2294 1340 2340 ad
1374 2293 1515 2340 fidem
1549 2293 1724 2340 Christi
1750 2312 1864 2358 per·-

446 2383 714 2418 traxcrunt.
736 2371 973 2435 Septimus
991 2371 1046 2418 ad
1066 2372 1374 2436 praesulatum
1391 2371 1626 2436 Vigardus
1645 2371 1702 2418 ab
1721 2372 1863 2419 Osvio

445 2460 490 2494 vt
513 2448 722 2514 Egberto
741 2449 930 2513 regibus
949 2450 1122 2496 electus
1142 2462 1238 2506 est,
1265 2461 1311 2496 ct
1331 2451 1531 2497 Romam
1554 2450 1609 2496 ad
1633 2451 1862 2497 ordinan-

443 2528 556 2573 dum
579 2528 745 2573 missus
766 2537 851 2573 est.
876 2526 945 2572 lbi
963 2526 1078 2573 dum
1100 2528 1468 2574 consecrationis
1489 2537 1719 2574 statutum
1735 2527 1861 2573 diem

449 2605 819 2665 {iraestolarctun
835 2604 1085 2650 defunctus
1102 2616 1170 2651 est
1186 2625 1197 2660 3
1218 2624 1306 2669 pro
1320 2623 1416 2670 quo
1432 2604 1712 2652 Theodorus
1726 2605 1857 2651 Grae—

494 2819 542 2849 2¹}
570 2811 665 2843 >hunt
687 2814 792 2845 (hwn
811 2813 962 2854 (55004
985 2813 1064 2846 amit
1088 2813 1188 2850 (3833,
