1951 3194
710 404 937 461 LIBER
987 404 1350 461 TERTIUS.

394 635 430 679 Ι.
470 633 592 679 Opus
626 632 673 678 in
709 632 876 694 primis
908 631 1132 694 arripiam
1164 631 1221 678 de
1255 632 1388 678 vinea
1424 632 1616 679 Domini
1658 633 1739 679 Sa-

328 709 500 766 baoth,
536 727 677 773 quam
715 709 811 772 ipse
842 707 957 754 forti
991 707 1180 755 dextera
1218 708 1333 755 coiit
1365 719 1409 755 et
1446 709 1656 773 protegit
1691 710 1739 754 in

329 798 433 834 toto
459 787 640 833 mundo
668 797 834 832 contra
855 784 1043 831 insidias
1063 784 1327 832 Belicmotli
1353 787 1441 849 (l).
1465 787 1575 833 Haec
1594 786 1738 831 nimi—

327 882 435 910 rum
461 864 509 909 in
539 863 757 928 regione,
799 880 908 927 quae
938 862 1056 910 olim
1088 862 1304 908 Neustria
1340 864 1437 925 (2),
1471 879 1600 909 nunc
1628 880 1741 909 vero

325 953 524 990 vocatur
541 942 836 989 Normannia
848 977 861 997 ,
882 940 1211 988 laborantibus
1227 941 1409 987 colonis
1426 941 1623 1005 sparsim
1640 959 1740 987 suas

326 1021 610 1085 propagines
634 1020 815 1075 emisit,
845 1030 892 1065 et
915 1018 1231 1082 multiplicem
1254 1017 1467 1064 fructum
1493 1018 1741 1065 hominum

328 1099 376 1143 in
395 1098 644 1144 sanctitate
660 1096 1045 1160 permanentium
1066 1096 1164 1141 Deo
1182 1094 1378 1141 obtulit.
1400 1095 1551 1141 Multa
1572 1095 1699 1141 enim
1717 1094 1741 1139 a

324 1174 465 1223 bonis
485 1173 748 1220 cultoribus
767 1174 985 1220 coenobia
1005 1171 1179 1218 ibidem
1204 1182 1474 1218 constructa
1499 1183 1633 1227 sunt,
1658 1171 1743 1228 ubi

326 1253 445 1297 rami
465 1252 608 1315 ipsius
622 1251 748 1305 vitis,
768 1250 814 1296 id
832 1260 917 1306 est,
938 1249 1055 1295 boni
1072 1249 1327 1295 Christiani
1343 1250 1616 1312 semetipsos
1634 1265 1744 1295 con-

327 1329 645 1387 tradiderunt,
666 1339 719 1374 ut
738 1329 886 1373 tutius
905 1338 1071 1373 contra
1093 1327 1281 1372 insidias
1299 1327 1618 1390 spiritualium
1637 1327 1743 1373 hos-

331 1407 448 1451 tium
467 1405 560 1451 fine
575 1416 712 1452 tenus
727 1404 1042 1450 decertarent.
1059 1403 1180 1450 Nam
1195 1404 1355 1450 beatus
1369 1404 1542 1467 praesul
1557 1402 1743 1450 Audoe«

328 1502 438 1543 nus,
462 1484 544 1548 qui
562 1483 709 1530 multa
735 1481 974 1546 probitate
998 1493 1094 1527 tam
1118 1482 1326 1527 saeculari
1349 1499 1489 1546 quam
1513 1481 1742 1545 spirituali

329 1573 543 1625 tempore
577 1560 831 1625 Dagoberti
864 1561 985 1624 regis
1015 1561 1311 1606 Francorum
1342 1570 1388 1605 et
1419 1558 1623 1606 Lodovei
1658 1559 1742 1605 filii

329 1642 427 1702 ejus
458 1639 651 1693 floruit,
688 1655 840 1683 unum
866 1636 1145 1683 coenobium
1177 1636 1612 1683 sanctimonialium
1642 1637 1744 1682 Fis-

329 1716 467 1763 canni
493 1714 732 1771 condidit,
760 1725 806 1760 et
829 1713 956 1759 aliud
979 1713 1324 1761 monachorum
1348 1714 1597 1778 Rotomavi
1618 1732 1630 1769 ;
1660 1712 1741 1759 ubi

332 1793 427 1857 ipse
438 1809 565 1838 anno
577 1791 828 1838 dominicae
842 1791 1179 1837 incarnationis
1197 1797 1463 1836 DCLXXV111³
1485 1789 1743 1835 tumulatus

330 1869 586 1933 requievit,
617 1867 776 1931 ibique
791 1885 877 1931 per
896 1885 1047 1914 annos
1065 1884 1187 1914 CLXV
1207 1884 1455 1932 usquequo
1473 1867 1742 1913 Normanni

376 2065 425 2109 (ι)
443 2063 550 2098 Cette
567 2062 782 2108 metaphorc
801 2061 846 2095 de
870 2061 902 2095 la
920 2062 1027 2107 vigne
1047 2061 1096 2094 du
1117 2061 1309 2108 Seigneur,
1332 2061 1360 2095 si
1375 2061 1567 2109 frequente
1585 2061 1674 2096 dans
1693 2062 1742 2095 les

330 2124 437 2157 iivrcs
459 2123 576 2156 sacrc's
598 2128 634 2155 et
652 2121 702 2154 les
721 2121 830 2154 e'crits
848 2120 910 2156 des
931 2121 1034 2166 peres
1053 2120 1098 2155 dc
1116 2112 1262 2167 I'Eglise
1280 2134 1299 2155 a
1319 2121 1399 2167 deja
1415 2123 1473 2156 ete'
1492 2121 1680 2168 employce
1697 2134 1740 2155 au

330 2182 445 2216 debut
466 2180 517 2214 du
537 2180 625 2214 livre
645 2180 818 2226 premier.

378 2243 427 2287 (2)
441 2241 541 2275 Nous
556 2251 664 2274 avons
683 2244 835 2273 souvent
852 2239 1012 2284 proteste
1023 2244 1149 2271 contre
1160 2236 1312 2272 l'erreur
1326 2250 1430 2284 grave
1443 2238 1606 2272 attachee
1617 2240 1635 2271 a
1650 2244 1742 2272 cette

330 2300 534 2349 protendue
549 2298 762 2345 syuonymie
782 2297 826 2331 de
845 2296 878 2330 la
897 2296 1068 2330 Nous-trie
1083 2303 1119 2329 ct
1137 2296 1181 2330 dc
1212 2296 1243 2330 la
1264 2296 1503 2331 Norinandie.
1525 2296 1586 2331 On
1607 2298 1673 2331 sait
1698 2310 1742 2330 cn

331 2361 414 2396 cst'et
429 2373 499 2407 quc
518 2359 550 2392 la
573 2358 741 2392 Ncustric
766 2357 979 2391 renfermait
992 2385 1000 2399 ,
1023 2363 1129 2390 outre
1148 2363 1255 2390 notre
1276 2358 1451 2403 province
1464 2385 1472 2399 ‚
1494 2364 1575 2391 tout
1595 2357 1628 2391 le
1648 2365 1742 2391 reste

334 2422 385 2457 du
402 2420 589 2456 territoire
607 2418 767 2464 compris
779 2417 924 2451 entrela
938 2418 1074 2458 Mense,
1086 2416 1254 2458 l'Es-‚caut‚
1268 2417 1300 2451 la
1314 2418 1394 2451 Mer
1411 2424 1445 2451 et
1465 2417 1497 2450 la
1518 2418 1635 2451 Loirc.
1657 2417 1743 2452 Plus

335 2480 414 2515 {ard
428 2509 436 2523 ,
469 2480 493 2513 il
517 2486 570 2514 est
595 2478 668 2512 vrai
682 2505 690 2519 ,
720 2489 759 2510 cc
786 2488 871 2510 nom
892 2488 936 2510 ne
956 2475 1154 2522 s⁷appliqua
1176 2476 1255 2522 plus
1275 2477 1408 2523 qu'aux
1428 2478 1593 2511 contrees
1610 2478 1741 2511 situees

331 2546 434 2574 entre
452 2538 484 2572 la
505 2538 612 2572 Scine
629 2544 665 2570 et
678 2536 710 2569 la
727 2536 845 2570 Loire.
861 2535 956 2570 C'ost
971 2537 989 2568 ἐι
1003 2535 1107 2568 dator
1122 2534 1166 2568 <le
1182 2541 1275 2569 cette
1294 2537 1435 2583 epoque
1448 2536 1739 2583 ques⁷estint1·0--

333 2598 413 2632 duit
433 2597 565 2642 l’usage
583 2596 722 2630 vicieux
734 2595 844 2641 qu'on
860 2606 905 2628 cn
921 2606 938 2627 a
954 2593 1017 2627 fait
1033 2606 1126 2640 pour
1139 2593 1307 2640 designer
1325 2594 1606 2629 exclusivement
1625 2594 1741 2628 tantot

332 2659 362 2692 la
384 2659 562 2703 chtagne
581 2663 615 2690 ct
637 2655 753 2690 lantot
772 2654 802 2688 la
823 2654 1059 2688 Normandie.
1080 2656 1183 2689 Celtc
1204 2654 1371 2689 dernibre.
1386 2655 1605 2701 applicatiou
1620 2667 1636 2688 a
1659 2666 1740 2688 con-

335 2719 434 2752 tinne¹
452 2717 565 2750 d'etre
583 2715 770 2761 employe'e
791 2715 935 2761 jusqu'ii
956 2726 1019 2748 nos
1035 2713 1160 2758 joni-s,
1183 2714 1402 2761 quoiqn'elle
1423 2726 1467 2748 ne
1486 2714 1555 2748 soit
1575 2726 1636 2760 pas
1659 2713 1740 2760 plus

331 2775 460 2811 fondo-⁷2
480 2787 551 2823 que
571 2774 708 2807 l'autrc.
