1951 3194
459 258 535 296 240
816 259 1058 297 HISTORIA
1091 258 1493 298 ECCLESIASTICA.
1729 263 1867 312 [1072]

520 338 641 382 Item
672 336 862 392 clerici,
889 338 972 401 qui
1003 353 1099 382 non
1123 335 1288 395 electi,
1318 354 1405 383 nec
1430 340 1616 396 vocati,
1646 350 1730 384 aut
1758 356 1870 386 nes-

457 416 605 461 ciente
635 415 862 479 episcopo
894 414 1047 460 sacris
1073 413 1320 460 ordinibus
1353 432 1403 460 se
1427 414 1836 463 subintromittunt
1848 439 1869 471 ,-

456 491 700 556 aliquibus
718 508 831 537 vero
855 491 1109 556 episcopus
1123 528 1135 549 ,
1161 503 1210 537 ut
1228 491 1513 538 diaconibus
1523 512 1763 550 „manum
1783 496 1866 539 im-

447 569 588 633 ponit
596 590 615 622 ,·
638 567 730 613 alii
747 578 942 614 caeteros
962 567 1154 614 ordines
1171 586 1267 614 non
1291 567 1516 615 habentes
1536 570 1762 616 diacones
1785 583 1871 616 aut

449 645 715 711 presbyteri
737 656 1102 702 consecrantur‚·
1128 646 1179 692 lzi
1204 646 1346 710 digni
1367 657 1478 692 sunt
1501 646 1817 712 depositione.

519 725 640 771 Item
663 726 748 789 qui
771 742 975 771 coronas
1007 724 1281 771 benedictas
1307 724 1572 771 habuerunt
1595 736 1638 771 et
1661 725 1871 789 relique-

457 813 590 860 runt,
626 820 775 866 usque
801 802 872 848 ad
897 801 1102 866 dignam
1129 801 1509 865 satisfactionem
1538 804 1871 849 excommuni-

455 891 636 926 centur.
660 879 841 926 Clerici
859 884 943 943 qui
960 879 1228 926 ordinandi
1242 890 1368 937 sunt,
1391 882 1439 924 in
1460 879 1653 943 v³feria
1674 882 1871 927 veniant

457 957 527 1004 ud
552 958 898 1023 episcopatum.

519 1037 641 1082 Item
669 1035 897 1082 monachi
921 1045 965 1081 et
997 1036 1411 1094 sanctimoniales,
1445 1038 1530 1101 qui
1563 1037 1739 1082 relictis
1768 1038 1869 1083 suis

455 1114 666 1161 ecclesiis
684 1132 774 1179 per
794 1113 951 1159 orbem
972 1125 1228 1176 vagantur,
1257 1113 1344 1160 alii
1359 1132 1452 1179 pro
1476 1115 1698 1179 nequitiis
1717 1116 1817 1160 suis
1837 1134 1870 1161 a

456 1193 753 1239 monasteriis
768 1191 978 1257 expulsi,
996 1209 1115 1255 quos
1128 1192 1369 1256 pastorali
1386 1193 1670 1239 auctoritate
1688 1203 1870 1258 oportet

456 1270 738 1336 compellere
756 1281 805 1315 ut
826 1268 896 1315 ad
909 1270 1201 1316 monasteria
1221 1286 1313 1315 sua
1332 1269 1560 1325 redeant,·
1581 1272 1680 1315 etsi
1699 1270 1871 1335 expul-

455 1366 533 1395 sos
569 1347 767 1394 abbates
804 1350 1009 1411 recipere
1041 1346 1305 1404 noluerint,
1350 1349 1525 1393 victum
1561 1346 1871 1408 eleemosyna?

457 1428 524 1473 eis
555 1426 786 1481 tribuant,
821 1442 929 1489 qua³
961 1425 1107 1470 etiam
1131 1441 1362 1470 manuum
1389 1423 1552 1470 labore
1583 1424 1866 1487 acquirant,

455 1521 702 1568 quousque
724 1504 769 1548 si
789 1503 940 1547 vitam
960 1519 1100 1548 suam
1124 1501 1474 1547 emendaverint
1495 1500 1767 1547 videantur.

519 1582 642 1626 Item
659 1590 878 1626 emuntur
889 1590 932 1624 et
944 1579 1217 1625 venduntur
1232 1595 1361 1624 curce
1376 1578 1672 1644 pastorales:
1689 1577 1868 1624 scilicet

455 1659 670 1705 ecclesiae
683 1655 1030 1722 parroclziunce
1043 1692 1058 1712 ,
1087 1667 1185 1701 tam
1212 1673 1242 1700 a
1269 1655 1410 1701 laicis
1435 1672 1580 1718 quam
1604 1672 1636 1700 a
1659 1654 1863 1712 clericis,

456 1738 652 1801 insuper
685 1734 828 1780 etiam
865 1752 896 1779 a
933 1733 1180 1780 monachis
1198 1755 1218 1788 ;
1250 1733 1380 1797 quod
1410 1750 1469 1778 ne
1505 1732 1716 1797 amplius
1735 1732 1866 1797 flat,

455 1813 759 1860 interdictum
782 1823 866 1857 est.
896 1811 1014 1856 Item
1040 1829 1099 1856 ne
1121 1814 1303 1875 nuptiae
1329 1811 1379 1856 in
1403 1812 1590 1857 occulto
1597 1810 1757 1874 fiant,
1783 1828 1866 1856 ne-

454 1910 544 1957 que
561 1901 677 1957 post
692 1889 963 1956 prandium
976 1912 996 1944 ,·
1026 1890 1114 1935 sed
1139 1906 1342 1953 sponsus
1370 1899 1412 1934 et
1441 1906 1622 1953 sponsa
1641 1889 1809 1952 Jejuni
1834 1906 1867 1933 a

451 1968 697 2017 sacerdote
722 1968 896 2032 jejuno
929 1968 979 2012 in
1009 1967 1292 2012 monasterio
1323 1966 1395 2029 (ι)
1431 1964 1786 2023 benedicantur,
1824 1977 1867 2011 et

452 2058 711 2110 antequam
733 2044 1029 2109 copulentur,
1050 2044 1306 2108 progenies
1327 2054 1634 2106 utrorumque
1657 2041 1863 2106 diligen-

453 2136 522 2171 ter
560 2123 848 2187 inquiratur.
881 2122 949 2166 Et
977 2127 1021 2166 si
1051 2122 1183 2183 infi’a
1221 2122 1472 2185 septimum
1512 2119 1863 2184 generationem

452 2202 622 2266 aliqua
664 2200 1059 2264 consanguinitas
1098 2200 1288 2245 inventa
1309 2198 1492 2261 fuerit,
1531 2209 1574 2243 et
1611 2198 1656 2243 si
1685 2197 1861 2261 aliquis
1924 2232 1932 2238 .

450 2297 612 2327 eorum
638 2277 866 2324 dimissus
880 2279 1057 2338 fuerit,
1089 2295 1184 2323 non
1217 2277 1587 2342 conjungantur.
1620 2274 1860 2322 Sacerdos

451 2358 536 2422 qui
555 2367 717 2402 contra
739 2353 1049 2419 lzcecsecerc't,
1078 2354 1362 2419 deponatur.

512 2435 589 2480 De
611 2431 938 2480 sacerdotibus
961 2443 1004 2478 et
1028 2431 1176 2478 levitis
1200 2443 1243 2476 et
1266 2430 1658 2487 subdiaconibus,
1682 2432 1766 2495 qui
1769 2430 1859 2493 fe-

449 2513 606 2558 minas
640 2509 730 2556 sibi
766 2520 1138 2574 usurpaverunt,
1169 2508 1428 2555 concilium
1451 2508 1745 2554 Luxoviense
1772 2506 1858 2552 ob—

494 2701 543 2743 (1)
570 2699 670 2732 Nous
688 2709 795 2731 avons
813 2696 893 2742 d‹'›ja
912 2698 1103 2743 remusque
1116 2695 1205 2743 qu'il
1221 2694 1333 2729 sallait
1348 2701 1497 2729 som-ent
1514 2693 1682 2740 prendre,
1699 2694 1784 2728 chez
1805 2694 1855 2728 les

450 2759 623 2791 verivains
646 2758 693 2790 ‹lu
717 2769 843 2802 moyen
866 2757 947 2802 figo,
970 2768 1009 2789 cc
1030 2762 1105 2790 mot
1125 2755 1213 2790 dans
1232 2755 1444 2801 l’acception
1465 2753 1611 2799 d'e‘glise
1633 2753 1850 2799 paroissiale.
