1951 3194
428 291 504 329 308
793 287 1033 326 HISTORIA
1067 286 1469 325 ECCLESIASTICA.
1702 289 1842 337 [1077]

491 370 702 416 Eventus
720 366 1042 431 hujuscemodi
1057 376 1166 413 ante
1181 366 1489 414 Nativitatem
1505 368 1652 414 sancti
1671 368 1697 413 J
1700 366 1843 414 ohan-

425 448 499 494 nis
528 447 752 510 Baptistae
785 445 1014 510 contigit,
1052 454 1100 491 et
1129 461 1241 491 mox
1267 443 1435 492 eodem
1464 455 1677 510 tempore
1702 445 1842 509 Hugo

425 524 729 572 Lexoviensis
748 523 996 587 episcopus
1016 523 1088 586 (ι)
1110 532 1340 587 aegrotare
1357 523 1524 587 coepit.
1543 524 1705 571 Mense
1718 523 1843 586 julio

424 603 651 667 languore
677 601 1055 666 ingravescente,
1092 611 1296 648 mortem
1321 601 1496 664 praesul
1520 599 1842 648 inevitabilem

423 681 511 727 sibi
536 680 691 727 adesse
709 679 960 744 persensit,
983 696 1191 745 seseque,
1217 690 1270 725 ut
1288 680 1371 726 Dei
1393 697 1552 726 servus
1572 679 1628 725 ad
1648 679 1842 726 Domini

422 759 492 803 sui
519 758 700 804 curiam
725 757 896 816 iturus,
920 756 1120 803 solerter
1145 756 1505 821 circumspexit,
1534 767 1581 803 et
1608 773 1698 821 pro
1723 756 1845 801 villi-

423 836 611 883 catione
637 853 717 881 sua
740 835 976 881 rationem
1001 834 1297 891 redditurus,
1328 836 1376 881 in
1402 835 1574 881 timore
1598 851 1771 899 magno
1797 851 1844 880 se

423 915 726 978 praeparavit.
757 913 1067 960 Confessione
1093 923 1138 959 et
1160 913 1444 977 poenitentia
1468 922 1719 978 purgatus,
1740 929 1844 959 ora-

425 993 557 1039 tione
590 1002 637 1038 et
678 991 879 1038 fletuum
918 990 1071 1038 imbre
1112 989 1300 1036 ablutus
1318 1027 1330 1046 ‚
1373 991 1587 1036 salutaris
1626 990 1844 1055 mysterii

424 1069 768 1115 communione
784 1067 990 1114 feliciter
1007 1068 1285 1122 instructus,
1306 1068 1502 1114 clericos
1519 1079 1564 1115 et
1584 1068 1746 1125 laicos,
1763 1068 1845 1132 qui

425 1162 585 1192 secum
630 1155 789 1200 erant,
834 1144 1161 1199 commonuit,
1205 1142 1408 1190 absolvit
1424 1180 1435 1199 ‚
1473 1143 1733 1191 benedixit.
1772 1143 1844 1190 Ad

424 1223 651 1269 ultimum
674 1239 787 1268 vero
811 1239 914 1269 rem
938 1221 1187 1286 quamdam
1203 1257 1214 1276 ,
1237 1220 1362 1267 unde
1386 1221 1625 1285 praecipue
1648 1231 1848 1268 moestus

422 1312 548 1358 erat,
575 1300 803 1357 recoluit,
831 1318 922 1364 pro
946 1318 1037 1365 qua
1062 1317 1227 1346 omnes
1249 1299 1338 1346 sihi
1363 1310 1566 1348 astantes
1589 1300 1654 1346 sic
1674 1317 1841 1347 exora-

421 1380 491 1425 vit
513 1400 522 1425 :
549 1380 699 1425 Viam
716 1380 946 1427 zoziverscc
964 1379 1125 1425 carnis
1146 1380 1247 1425 scio
1267 1396 1339 1424 me
1357 1378 1652 1444 adpraesens
1668 1380 1846 1444 ingres-

422 1476 616 1513 saram5
640 1458 727 1503 sed
751 1457 898 1504 valde
924 1458 1181 1503 contristor
1211 1456 1343 1521 qaod
1365 1475 1397 1502 a
1430 1456 1543 1503 sede
1572 1475 1679 1503 mea
1708 1457 1845 1504 elon-

419 1547 567 1601 gatus
589 1553 716 1594 sam,
744 1553 832 1582 nec
859 1535 1000 1582 video
1023 1553 1254 1600 sponsam
1276 1553 1433 1581 meam
1446 1574 1462 1594 ,
1489 1537 1572 1582 cai
1592 1536 1846 1583 ordinante

424 1614 531 1659 Deo
549 1611 662 1678 fere
698 1629 757 1658 XL
798 1613 938 1659 annis
977 1613 1188 1674 legitime
1226 1614 1510 1677 conjunctas
1546 1631 1667 1660 sum.
1707 1613 1846 1659 Unde

425 1708 554 1735 nanc
582 1707 756 1754 precor
784 1706 871 1736 ‘vos
902 1707 1083 1745 omnes,
1112 1707 1230 1753 qnos
1267 1690 1379 1735 olim
1419 1696 1606 1748 amavi,
1639 1693 1815 1737 nutrivi
1825 1730 1841 1749 ,

417 1767 640 1831 promovi
680 1777 722 1811 et
760 1765 1017 1821 honoravi,
1066 1776 1115 1811 ιιι
1154 1783 1225 1810 me
1263 1765 1373 1811 liinc
1412 1767 1623 1830 ejiciatis
1641 1803 1655 1825 ,
1696 1779 1741 1813 et
1778 1767 1849 1812 ad

428 1846 731 1891 carissimam
753 1861 982 1909 sponsam
1006 1861 1162 1890 meam
1188 1830 1259 1889 me
1279 1844 1548 1890 deducatis.
1570 1845 1846 1891 Ecclesiam

426 1923 587 1968 sancti
608 1924 736 1968 Petri
754 1922 991 1985 principis
1022 1921 1353 1985 apostoloam,
1386 1939 1533 1985 qaam
1558 1921 1847 1968 venerabilis

426 2000 689 2046 Herbertas
708 1999 1034 2064 praedecessor
1054 2017 1185 2044 meus
1214 2000 1283 2062 (2)
1318 2002 1487 2064 coepit,
1510 2002 1695 2066 perfeci
1700 2037 1716 2057 ,
1743 2011 1847 2046 sta—

428 2078 565 2124 diose
596 2077 864 2134 adornavi,
905 2076 1158 2141 honorifice
1183 2076 1434 2134 dedicavi,
1472 2089 1518 2123 et
1553 2077 1840 2133 cultoribus,

428 2157 802 2217 necessariisque
821 2153 984 2200 divino
1008 2154 1196 2200 serm‘tio
1220 2155 1382 2210 vasis,
1407 2153 1616 2217 aliisque
1639 2171 1848 2219 appara·

431 2232 555 2278 tibus
580 2234 769 2297 copiose
801 2231 969 2277 ditavi.
1007 2231 1154 2277 {Iano
1188 2230 1367 2277 coelesti·
1396 2231 1606 2278 Domino
1640 2232 1849 2297 supplex

431 2307 739 2365 commendo,
781 2319 825 2353 et
855 2309 905 2352 in
935 2309 1039 2372 ejas
1076 2310 1262 2372 gremio
1295 2308 1562 2354 recumbere
1599 2308 1844 2365 desidero,

432 2387 594 2451 ibique
612 2385 877 2433 secandum
896 2385 1164 2432 Salvatoris
1184 2385 1437 2431 adventum
1442 2386 1662 2450 fideliter
1675 2404 1849 2451 expec-

476 2613 526 2657 (1)
552 2613 703 2657 Hugues
721 2610 832 2653 d’Eu,
856 2609 910 2644 fils
931 2609 976 2642 dc
994 2608 1206 2644 Guiuaumc
1219 2636 1227 2650 ,
1249 2615 1368 2642 comte
1388 2608 1498 2650 d'Eu,
1518 2616 1554 2643 et
1573 2608 1618 2643 de
1641 2608 1841 2652 Lesecline,

426 2670 632 2705 fondatrice
648 2671 693 2705 de
715 2670 966 2704 Noti-e—Dalne
984 2668 1029 2702 dc
1043 2668 1486 2703 saint-Pierre-sur-Dive
1503 2676 1539 2703 et
1556 2668 1600 2703 de
1618 2669 1843 2704 saint-Desii*

432 2728 475 2762 «lc
495 2730 635 2763 Lisivnx
650 2758 658 2771 ‚
681 2729 817 2776 eveque
836 2728 881 2762 (lc
899 2735 992 2763 cetto
1011 2727 1092 2761 ville
1112 2726 1415 2772 (1050-17juillei
1439 2728 1549 2775 1077).

477 2789 525 2831 (κε)
553 2787 727 2824 Ηυι·1)<ϊι,
751 2788 885 2834 (ἒνριμις
901 2787 944 2822 dc
966 2787 1107 2821 Lisicux
1128 2785 1361 2830 (now-1050)
