1951 3194
147 230 411 280 [1066-1089]
633 230 783 269 LIBER
814 231 1046 270 TERTIUS.
1479 238 1550 272 1ρεί

143 311 279 357 nerio
313 308 469 355 abbati
511 326 622 356 xtlv
658 310 800 357 libras
842 311 1052 377 Anglicae
1099 322 1305 359 monetae
1349 323 1394 360 et
1435 313 1552 360 duos

143 389 244 434 auri
279 405 463 435 marcos
497 389 729 453 erogavit,
758 400 804 435 et
836 390 1141 453 postmodum
1167 391 1223 437 de
1260 391 1421 437 Cantia
1468 410 1554 455 per

143 464 375 511 domnum
398 466 655 529 Rogerium
668 464 723 511 de
743 466 896 529 Sappo
911 502 923 522 ,
950 467 1032 531 qui
1047 466 1135 513 sibi
1152 485 1240 531 pro
1262 468 1455 514 scientia
1481 469 1556 514 lit-

143 553 353 589 terarum
377 553 518 589 notus
543 554 590 589 et
611 543 784 588 amicus
804 554 927 599 erat,
966 561 1025 589 XL
1061 544 1203 591 libras
1236 545 1555 592 sterilensium

141 621 288 667 misit.
328 622 410 667 His
450 622 593 684 igitur
622 620 739 666 datis
776 620 982 668 ecclesiae
1027 623 1170 668 turris
1204 634 1354 670 erecta
1381 633 1473 679 est,
1509 634 1555 670 et

143 696 409 743 monachile
452 696 790 743 dormitorium
829 708 1159 743 constructum
1192 709 1277 745 est.
1316 699 1557 745 Mathildis

142 791 256 820 vero
294 774 452 837 regina
495 774 749 836 preciosam
791 773 992 819 infulam
1031 774 1185 830 dedit,
1214 785 1260 821 et
1285 793 1478 839 cappam
1499 776 1557 822 ad

142 851 227 898 Dei
272 851 539 907 servitium,
592 861 638 897 et
675 860 866 898 centum
904 850 1045 896 libras
1089 851 1463 899 Rodomensium
1499 855 1556 899 ad

143 928 374 993 agendum
415 929 665 975 tricorium
707 929 797 992 (1).
833 928 1113 976 Willermus
1144 941 1301 977 autem
1335 930 1392 978 de
1435 933 1553 990 Ros,

141 1006 406 1052 Baiocensis
428 1005 624 1052 clericus
645 1006 755 1070 (qui
785 1006 832 1052 in
859 1006 1018 1052 eadem
1040 1007 1228 1054 ecclesia
1255 1008 1433 1072 triplici
1455 1019 1554 1055 erat

142 1081 326 1129 honore
364 1081 629 1146 praeditus:
670 1092 768 1128 erat
813 1082 940 1128 enim
982 1094 1150 1131 cantor
1184 1094 1231 1130 et
1269 1083 1472 1131 decanus
1508 1096 1554 1132 et

142 1159 520 1223 archidiaconus)
536 1161 623 1223 (2),
645 1177 703 1205 XL
721 1159 864 1205 libras
888 1160 1203 1208 sterilensium
1219 1161 1349 1208 dedit
1361 1163 1554 1209 Uticen-

146 1237 287 1283 sibus.
317 1238 408 1297 Qui
435 1254 535 1284 non
558 1238 712 1285 multo
740 1249 849 1301 post
872 1238 1028 1284 saeculi
1056 1256 1251 1302 pompas
1280 1252 1450 1303 sponte
1475 1259 1554 1287 re-

145 1315 365 1379 linquens
400 1314 700 1361 Cadomensis
735 1315 994 1361 monachus
1027 1315 1177 1362 factus
1209 1327 1301 1373 est,
1342 1327 1388 1363 et
1418 1317 1553 1374 inde,

144 1392 419 1455 priusquam
442 1409 592 1437 unum
618 1409 797 1437 annum
822 1392 869 1437 in
895 1392 1180 1438 monachatu
1203 1393 1474 1457 perficeret,
1500 1395 1557 1441 ad

144 1470 467 1515 Fiscannensis
493 1469 703 1516 coenobii
731 1469 940 1534 regimen
967 1481 1231 1534 assumptus
1260 1482 1345 1519 est.
1368 1472 1554 1520 Nomen

147 1548 243 1610 ejus
266 1564 354 1610 pro
386 1547 549 1593 multis
574 1546 813 1594 beneficiis
831 1583 843 1603 ,
871 1565 978 1612 quae
1001 1548 1304 1595 Uticensibus
1324 1550 1555 1608 contulit,

146 1625 196 1671 in
222 1624 381 1671 rotulo
407 1625 610 1690 generali
642 1626 873 1689 scriptum
897 1635 988 1683 est,
1016 1637 1062 1672 et
1085 1644 1174 1691 pro
1207 1627 1309 1690 ipso
1329 1628 1489 1674 missas
1513 1638 1561 1676 et

146 1703 383 1748 orationes
407 1712 452 1748 et
475 1702 792 1767 eleemosynas
816 1703 937 1748 sicut
964 1720 1053 1766 pro
1083 1703 1319 1750 monacho
1346 1703 1559 1767 professo

145 1796 338 1843 prorsus
372 1781 441 1845 agi
470 1790 699 1826 statutum
729 1790 814 1826 est.
852 1780 1072 1826 Plurimis
1109 1781 1265 1844 itaque
1291 1781 1558 1828 fautoribus

145 1875 282 1904 novae
297 1857 499 1904 basilieae
517 1858 691 1904 fabrica
709 1857 955 1903 sublimata
975 1868 1064 1913 est,
1095 1868 1140 1904 et
1158 1859 1423 1921 incoeptum
1440 1876 1558 1922 opus

146 1944 243 1979 tam,
278 1934 482 1981 ecclesiae
508 1952 651 1999 quam
675 1933 927 1980 domorum
958 1932 1304 1980 honorabiliter
1335 1951 1554 1980 consum-

145 2021 324 2056 matum
354 2021 434 2058 est.

211 2090 447 2153 Tempore
479 2089 721 2153 regiminis
754 2089 972 2136 Mainerii
1015 2088 1194 2135 abbatis
1232 2106 1292 2135 xc
1334 2089 1554 2136 monachi

145 2167 338 2212 diversae
381 2166 619 2230 qualitatis
660 2177 705 2214 et
749 2166 1036 2214 conditionis
1075 2169 1316 2232 (quorum
1358 2168 1555 2215 nomina

147 2245 411 2308 conscripta
441 2255 550 2290 sunt
582 2246 629 2291 in
659 2245 901 2291 volumine
934 2245 1160 2310 generalis
1190 2245 1551 2308 descriptionis)

148 2320 416 2366 saecularem
451 2320 665 2367 habitum
704 2322 752 2368 in
785 2323 994 2369 Uticensi
1030 2322 1187 2369 schola
1219 2322 1550 2386 reliquerunt,

147 2406 194 2441 et
226 2396 452 2441 instinctu
489 2397 803 2462 laudabilique
832 2399 1073 2445 bonorum
1112 2399 1328 2461 exemplo
1363 2415 1447 2460 per
1473 2415 1555 2442 ar·-

195 2604 243 2647 (1)
270 2603 316 2636 Le
335 2602 535 2636 resectoire.

194 2664 244 2702 (Ω)
269 2661 477 2696 Guillaume
498 2660 542 2693 de
572 2661 664 2704 Ros,
688 2662 870 2695 troisiemc
897 2661 987 2695 abbe
1013 2661 1056 2696 (16
1084 2663 1239 2707 Ἑιὲοῑιιηρ
1267 2661 1442 2709 (1079-26
1461 2674 1557 2696 mars

156 2732 165 2749 x
180 2718 267 2761 1118).

248 2793 296 2821 11.
1334 2799 1364 2841 9
