1951 3194
202 268 317 314 [x1v0.
340 278 422 301 ουτ.
446 264 563 312 1066]
691 261 843 300 LIBER
874 261 1105 299 TERTIUS.
1539 264 1611 301 149

204 343 399 401 tissimi,
426 352 473 388 et
495 358 703 405 quorum
736 341 929 387 nomina
964 339 1269 386 historiarum
1294 340 1614 387 voluminibus

202 423 328 468 inter
362 420 740 467 bellicosissimos
776 417 1096 466 commendari
1131 417 1305 465 deceat.
1336 418 1616 466 'Willermus

203 517 314 546 vero
339 499 433 545 dux
457 515 628 545 eorum
650 495 903 560 praestabat
926 497 989 543 eis
1022 495 1307 543 fortitudine
1332 507 1377 542 et
1404 496 1618 560 pruden—

205 577 283 622 tia.
311 576 431 622 Nam
461 575 537 622 ille
564 573 792 621 nobiliter
815 573 1075 619 exercitum
1098 573 1260 631 duxit,
1287 573 1513 620 cohibens
1536 574 1617 620 suo

202 672 333 719 gam,
370 654 483 699 dans
514 652 726 708 animos,
759 650 959 714 periculi
993 651 1174 707 socius,
1211 653 1380 716 saepius
1414 651 1619 698 clamans

204 743 256 777 ut
280 732 524 786 venirent,
553 746 694 793 quam
717 727 890 792 jubens
916 728 1000 774 ire.
1033 728 1087 773 In
1113 727 1239 774 bello
1269 739 1362 775 tres
1393 731 1500 794 equi
1533 729 1620 775 sub

204 826 259 856 co
290 806 494 854 confossi
532 805 832 862 ceciderunt;
879 815 951 851 ter
988 805 1065 851 ille
1103 806 1368 869 intrepidus
1403 807 1618 864 desiluit,

204 904 290 933 nec
321 885 401 932 diu
431 901 560 930 mors
592 883 792 931 vectoris
820 883 971 929 inulta
1002 884 1246 930 remansit.
1276 885 1444 941 Scuta,
1473 887 1622 950 galeas

203 975 250 1010 et
266 964 434 1010 loricas
456 963 577 1008 irato
600 979 855 1018 mucrone,
878 979 1157 1026 moramque
1177 961 1462 1027 dedignante
1483 982 1624 1027 pene-

207 1040 379 1099 travit,
409 1040 673 1104 clypeoque
713 1056 797 1085 suo
826 1039 1088 1085 nonnullos
1118 1039 1321 1097 collisit,
1355 1041 1626 1106 auxilioque

205 1117 366 1163 multis
400 1134 595 1163 suorum
630 1127 772 1181 atque
806 1117 972 1173 saluti,
1013 1117 1134 1162 sicut
1160 1134 1184 1163 e
1216 1128 1381 1164 eontra
1409 1116 1624 1165 hostibus

206 1196 457 1260 perniciei,
484 1195 593 1241 fuit.

269 1273 341 1319 Ab
360 1274 475 1320 hora
491 1273 581 1320 diei
598 1275 733 1320 tertia
753 1274 933 1320 bellum
945 1275 1116 1320 aeriter
1141 1276 1446 1321 commissum
1462 1286 1556 1332 est,
1579 1289 1626 1322 et

205 1353 252 1397 in
286 1352 443 1415 primo
468 1352 678 1397 militum
715 1369 970 1416 congressu
994 1350 1221 1398 Heraldus
1246 1370 1329 1399 rex
1352 1364 1625 1417 peremptus

204 1439 272 1475 est
292 1430 380 1492 (1).
409 1429 588 1476 Deinde
613 1428 887 1477 Leoswinus
908 1446 1065 1475 comes
1088 1428 1236 1475 frater
1255 1432 1352 1493 ejus
1376 1448 1485 1476 cum
1504 1432 1627 1477 mul-

204 1507 261 1551 tis
276 1505 487 1552 millibus
504 1506 645 1551 simili
664 1516 791 1552 sorte
804 1505 1057 1552 defunctus
1071 1516 1155 1552 est.
1171 1507 1390 1571 'Denique
1405 1509 1628 1555 inclinata

199 1588 297 1649 jam
329 1585 404 1631 die
424 1620 437 1641 ,
478 1584 690 1631 videntes
720 1584 861 1649 Angli
901 1584 1029 1648 quod
1062 1602 1144 1632 rex
1176 1603 1285 1631 suus
1325 1597 1372 1633 et
1403 1587 1628 1650 primates

204 1664 334 1727 regni
350 1698 364 1722 ,
383 1662 642 1726 multaeque
661 1662 870 1727 legiones
892 1680 1087 1710 suorum
1109 1663 1407 1720 interierint,
1431 1677 1477 1711 et
1494 1666 1625 1729 quod

203 1739 470 1788 Normanni
503 1738 654 1785 adhue
682 1740 948 1804 procaciter
977 1740 1223 1796 steterint,
1263 1752 1310 1787 et
1346 1742 1628 1790 terribiliter

203 1817 345 1863 armis
371 1818 418 1863 in
442 1816 683 1864 obstantes
701 1817 967 1874 saevierint‚
994 1818 1043 1863 in
1062 1817 1224 1881 fugam
1245 1821 1459 1866 conversi
1480 1839 1627 1885 quan-

205 1894 355 1940 tocius
387 1892 632 1949 abierunt‚
662 1903 709 1940 et
736 1904 933 1940 eventus
965 1894 1121 1941 varios
1148 1895 1332 1957 experti
1368 1907 1497 1942 sunt.
1530 1897 1624 1943 Alii

204 1969 349 2032 raptis
376 1969 532 2033 equis,
563 1969 787 2016 nonnulli
815 1969 994 2033 pedites
1020 1987 1127 2032 pars
1152 1987 1237 2033 per
1261 1971 1383 2030 vias,
1408 1972 1626 2038 plerique

204 2063 289 2110 per
312 2047 410 2092 avia
450 2063 545 2093 sese
570 2046 745 2093 salvare
776 2047 933 2093 conati
965 2058 1093 2093 sunt.
1133 2047 1401 2095 Normanni
1437 2061 1621 2109 autem,

204 2125 314 2170 dum
359 2124 542 2189 Anglos
582 2124 744 2187 sugere
785 2125 1032 2182 viderunt,
1074 2135 1171 2172 tota
1210 2138 1351 2174 nocte
1384 2126 1623 2175 dominica

206 2219 282 2247 eos
307 2201 363 2247 ad
393 2202 461 2247 sui
491 2202 834 2249 detrimentum
861 2201 1036 2248 obnixe
1066 2205 1299 2266 persecuti
1337 2215 1466 2251 sunt.
1502 2206 1622 2253 Nam

207 2291 466 2326 crescentes
504 2279 665 2326 herbae
705 2280 958 2345 antiquum
996 2298 1212 2345 aggerem
1246 2283 1498 2346 tegebant,
1544 2283 1622 2329 ubi

253 2416 405 2461 Hugues
424 2416 469 2449 dc
487 2416 781 2461 Grentemesni13

253 2474 464 2509 Guillaumc
483 2474 528 2509 de
548 2476 758 2520 VarennCS‚
779 2478 921 2512 ensuite
940 2485 1058 2512 comte
1072 2477 1117 2512 de
1132 2478 1278 2524 Surrey.

254 2534 304 2578 (ι)
329 2534 414 2568 Ceci
441 2540 496 2567 est
523 2546 594 2568 une
620 2535 763 2582 insigne
792 2547 931 2570 erreur.
964 2536 994 2569 ll
1024 2543 1081 2570 cst
1106 2536 1428 2572 universellcment
1459 2550 1621 2575 reconnu

207 2590 407 2638 ‹111⁷Harold
426 2603 471 2625 ne
486 2590 543 2625 fut
561 2592 690 2627 atteint
709 2593 819 2626 d’une
838 2593 953 2627 sseche
970 2595 989 2626 2¹1
1003 2593 1036 2627 la
1054 2601 1175 2639 tempe
1193 2606 1240 2628 ou
1259 2596 1277 2628 a
1297 2594 1382 2629 l⁷oeil
1399 2596 1567 2644 qu’apri‘s
1590 2600 1621 2634 le

208 2650 366 2684 coucher
379 2649 430 2683 du
445 2649 557 2683 solcil.
579 2650 633 2683 En
651 2651 795 2696 general
810 2663 849 2685 cc
865 2651 956 2685 recit
975 2651 1020 2685 dc
1037 2651 1069 2684 la
1090 2652 1236 2686 Baiaille
1254 2652 1464 2701 d’llastings
1478 2664 1531 2691 est
1552 2671 1620 2704 peu

210 2710 424 2744 satissaisaut
447 2716 483 2744 ct
511 2709 595 2743 bien
615 2709 803 2753 infcricur,
833 2711 902 2744 soit
922 2723 966 2744 au
990 2710 1130 2744 table-au
1151 2711 1258 2758 qu'en
1278 2713 1371 2747 avait
1397 2717 1492 2749 [racc
1511 2717 1620 2751 (eluit

211 2770 326 2803 lanino
342 2769 386 2803 ‹lc
404 2769 575 2811 poitiers,
599 2769 666 2804 soit
680 2783 747 2804 aux
763 2769 891 2804 details
911 2770 1191 2805 cirtonsiancics
1212 2770 1350 2806 som-nis
1366 2785 1429 2819 par
1445 2775 1620 2823 quelques.

210 2836 329 2864 anuos
350 2829 560 2864 historiens.
