1951 3194
163 315 381 365 {863-911]
657 314 809 351 LIBER
839 312 1073 350 TERTH'S.
1561 312 1581 348 'T

166 395 265 458 puli
296 393 600 450 occiduntur,
634 394 854 441 monachi
888 404 934 440 et
965 392 1120 439 clerici
1153 390 1509 454 disperguntur,
1540 401 1585 436 et

165 483 442 520 sanctorum
463 489 660 535 corpora
690 482 769 516 aut
789 472 837 517 in
867 471 960 516 suis
985 469 1197 525 tumulis,
1217 470 1315 533 jam
1336 467 1585 515 destruetis

167 548 373 607 aedibus,
404 549 577 615 absque
611 549 742 595 cultu
768 550 1129 613 relinquuntur,
1163 559 1243 594 aut
1266 566 1289 593 a
1314 548 1404 612 piis
1430 547 1587 594 culto-

163 626 295 673 ribus
319 627 375 673 ad
399 628 645 692 peregrina
671 627 771 673 loca
797 625 1116 673 devehuntur.

231 704 320 750 Sed
345 704 641 767 dispensante
665 703 840 749 divinae
864 703 1051 766 pietatis
1080 702 1311 760 arbitrio,
1343 719 1397 748 ex
1428 702 1587 748 eadem

164 792 304 847 gente
336 782 462 828 unde
487 782 618 828 venit
649 780 882 828 Neustriae
915 781 1169 837 desolatio,
1211 780 1319 826 inde
1356 780 1587 825 nimirum

164 878 262 908 non
296 860 448 906 multo
473 870 581 924 post
612 861 840 924 processit
873 860 1155 907 consolatio.
1187 859 1308 905 Nam
1341 858 1589 921 eompletis

163 937 261 984 sere
288 954 384 983 xxx
408 938 544 983 annis
570 948 676 1001 post
706 937 885 984 cladem
913 936 1125 1001 Hastingi
1146 973 1157 993 ‚
1188 935 1331 983 Rollo
1357 935 1449 981 dux
1478 951 1586 980 eum

160 1015 310 1061 valida
346 1016 592 1062 Danorum
617 1017 871 1079 juventute
905 1014 1176 1061 Neustriam
1220 1015 1454 1078 ingressus
1490 1022 1585 1067 est,

161 1105 207 1141 et
238 1093 398 1141 Gallos
426 1094 664 1140 diuturnis
700 1091 1025 1138 invasionibus
1052 1091 1360 1138 vehementer
1386 1100 1589 1136 atterere

158 1172 288 1217 nisus
313 1182 398 1218 est.
432 1171 553 1217 Nam
585 1180 807 1217 conserto
842 1187 948 1216 eum
976 1168 1122 1215 Gallis
1154 1169 1351 1233 praelio,
1384 1166 1587 1213 Rollan-

161 1249 273 1295 dum
305 1248 583 1314 signiferum
609 1266 777 1296 eorum
803 1248 1008 1304 occidit,
1043 1258 1086 1293 et
1120 1245 1402 1293 Rainaldum
1430 1244 1587 1289 Aure-

162 1326 446 1373 lianensium
469 1326 635 1373 ducem
662 1343 771 1372 cum
796 1326 1007 1372 exercitu
1032 1326 1324 1371 franeorum
1348 1322 1475 1369 bello
1496 1322 1587 1367 vic-

163 1415 268 1450 tum
285 1404 481 1469 fugavit.
500 1405 789 1450 Parisiorum
808 1403 975 1450 urbem
995 1414 1201 1467 quatuor
1221 1402 1356 1448 annis
1375 1400 1555 1448 obsedit
1572 1419 1583 1455 ;

164 1482 242 1529 sed
269 1500 393 1538 eam,
425 1482 712 1545 impediente
740 1482 862 1536 Deo,
892 1499 990 1528 non
1023 1479 1255 1528 obtinuit.
1292 1480 1483 1525 Baiocas
1509 1496 1585 1525 ex—

162 1560 392 1625 pugnavit
412 1570 458 1606 et
479 1560 628 1624 cepit,
651 1570 697 1606 et
715 1559 1053 1624 Berengarium
1075 1559 1298 1605 comitem
1320 1560 1415 1621 ejus
1436 1557 1587 1602 inter—

163 1639 304 1695 emit,
330 1639 600 1703 Popamque
626 1638 771 1684 filiam
796 1640 893 1701 ejus
921 1638 968 1684 in
995 1637 1272 1702 eonjugium
1299 1635 1502 1699 accepit;
1530 1652 1585 1681 ex

161 1734 253 1781 qua
287 1716 589 1762 Willelmum
630 1725 951 1780 cognomento
995 1714 1433 1778 Longam-Spatam
1474 1728 1585 1775 pro-

162 1796 337 1841 creavit
363 1795 448 1858 (i).
479 1795 560 1840 His
584 1794 779 1859 aliisque
806 1794 1069 1840 innumeris
1096 1790 1400 1839 conflictibus
1424 1789 1583 1837 Gallos

161 1949 234 1971 une
252 1937 432 1983 premiere
451 1937 537 1979 fois,
558 1937 648 1971 mais
667 1936 827 1971 defendu
841 1937 1164 1984 vigoureusement
1183 1948 1228 1970 en
1249 1934 1330 1979 855,
1351 1934 1376 1969 il
1397 1947 1442 1968 ne
1458 1934 1582 1968 tomba

160 2010 205 2031 au
223 1998 376 2044 pouvoir
391 1997 454 2032 des
473 1998 639 2032 hommes
655 1997 705 2031 du
721 1997 823 2031 Nord
841 1997 950 2044 qu’en
969 1995 1048 2031 865.

208 2057 258 2102 (1)
288 2057 403 2091 Notoe
428 2064 559 2091 auteur
577 2057 639 2104 qui
661 2057 758 2091 vient
779 2055 823 2090 de
844 2055 965 2102 placer
981 2055 1032 2089 les
1056 2055 1237 2089 invasions
1257 2053 1302 2088 de
1321 2054 1478 2100 Hasting
1497 2065 1580 2087 sous

159 2116 192 2151 le
207 2117 319 2163 regi-:e
333 2116 378 2151 de
391 2116 758 2162 Clia1·les-le-Si1nple
769 2142 777 2157 ,
801 2122 837 2150 et
850 2128 916 2162 par
930 2117 1156 2162 consequent
1170 2125 1264 2147 assez
1286 2114 1368 2159 pres
1384 2113 1429 2147 de
1444 2112 1475 2146 la
1487 2113 1581 2146 veri-

159 2175 255 2210 table
267 2176 409 2223 epoque
420 2175 465 2209 de
480 2175 511 2209 la
526 2175 708 2217 derniere,
724 2182 870 2221 reporte
886 2175 1114 2208 unaintenant
1127 2186 1163 2207 sa
1175 2174 1356 2219 premiere
1369 2171 1581 2218 expedition

159 2248 204 2270 en
224 2237 362 2271 France
382 2248 462 2270 vors
481 2236 547 2283 847
567 2247 615 2269 ou
634 2236 720 2279 848,
742 2235 908 2269 oubliant
927 2235 1017 2269 ainsi
1037 2246 1076 2268 66
1095 2233 1184 2281 qu’il
1203 2246 1295 2267 nous
1315 2246 1333 2267 a
1352 2233 1407 2267 dit
1425 2244 1517 2279 page
1537 2235 1556 2274 4
1572 2249 1577 2265 τ

159 2307 231 2342 que
248 2295 281 2329 la
300 2295 480 2341 premiere
500 2295 662 2329 invasion
683 2295 728 2329 de
748 2295 878 2329 Rouen
896 2307 962 2341 par
982 2294 1031 2328 les
1050 2294 1217 2327 homines
1236 2292 1285 2327 du
1303 2291 1405 2326 Nord
1423 2292 1516 2325 avait
1535 2304 1581 2325 eu

159 2354 234 2389 lieu
260 2363 344 2390 cent
370 2356 638 2402 soixante-cinq
665 2367 728 2389 ans
754 2356 857 2401 apres
884 2354 971 2402 678,
1000 2352 1225 2387 dest-a-dire
1248 2365 1293 2386 en
1315 2350 1400 2394 845,
1431 2363 1470 2384 ec-
1496 2351 1578 2396 qui,

161 2415 278 2460 parmi
297 2421 417 2449 tontes
433 2427 486 2449 ses
501 2415 774 2461 supputations,
796 2415 885 2448 etait
902 2414 935 2448 la
954 2414 1072 2447 moins
1090 2413 1256 2458 eloignee
1275 2412 1320 2445 de
1339 2411 1369 2444 la
1388 2411 1513 2445 verite.
1534 2411 1581 2444 Le

161 2473 459 2519 porte-enseigne
478 2473 635 2507 I‘iolland
649 2480 703 2507 est
718 2485 766 2507 un
786 2485 1010 2519 personnage
1030 2473 1205 2518 suppose,
1225 2470 1270 2504 (16
1288 2469 1501 2504 l’invention
1520 2467 1582 2502 (165

162 2532 361 2566 historiens
381 2533 601 2576 normands3
629 2540 665 2567 et
689 2533 781 2567 celui
808 2532 900 2566 dont
919 2532 961 2566 ils
980 2531 1060 2565 sont
1080 2543 1128 2564 un
1150 2530 1220 2564 duc
1240 2529 1434 2563 d'Orleans
1458 2535 1512 2562 est
1531 2540 1581 2561 un

163 2593 234 2627 duc
254 2592 303 2626 du
324 2593 444 2626 Maine
468 2594 529 2626 tue
548 2605 630 2627 sous
648 2593 698 2628 les
717 2605 817 2627 murs
836 2592 880 2626 de
902 2592 1031 2625 Rouen
1057 2604 1102 2624 611
1121 2588 1201 2624 885.
1226 2587 1381 2630 RoHon,
1404 2587 1467 2634 qui
1492 2587 1583 2621 n’est

163 2653 234 2686 cite
251 2652 360 2686 d'une
377 2651 537 2685 nianiere
555 2653 798 2699 authentique
813 2652 922 2698 qu'en
942 2663 1023 2697 911,
1047 2662 1091 2683 116
1111 2649 1227 2695 ligura
1248 2648 1283 2681 ni
1303 2647 1392 2681 dans
1411 2653 1504 2681 cette
1522 2647 1583 2681 ba-

166 2711 262 2746 131116
286 2713 323 2746 ni
348 2711 437 2745 dans
462 2723 580 2746 aucun
607 2711 703 2758 siege
728 2711 773 2745 (16
799 2711 913 2745 Paris.
942 2711 1042 2744 Nous
1073 2707 1271 2754 regardons
1289 2719 1420 2742 encore
1441 2719 1581 2741 comme

162 2773 361 2806 controuve
379 2778 459 2805 tout
479 2784 518 2805 66
536 2771 598 2817 qui
619 2783 795 2805 concerne
814 2769 846 2803 la
863 2771 958 2816 prise
974 2769 1018 2804 (16
1036 2770 1176 2814 Bayeux
1194 2780 1311 2814 parce
1331 2767 1431 2810 chef7
1452 2781 1463 2813 J
1488 2779 1585 2801 Com-

166 2831 239 2877 pris
256 2831 288 2865 le
309 2838 426 2866 comte
446 2832 626 2876 berenger
643 2839 678 2865 et
700 2844 735 2865 sa
754 2830 822 2866 [1116
839 2832 974 2877 Puppe.
