1951 3194
405 260 482 298 286
710 260 955 299 HISTORIA
986 257 1388 299 ECCLESIASTICA.
1421 265 1541 310 [cinca
1569 263 1818 312 1060-1091]

403 355 616 385 reversus
631 374 644 395 ‚
668 337 989 385 Fontinellam
1011 337 1232 400 expetiit,
1260 349 1307 385 et
1329 357 1353 384 a
1371 340 1476 386 viro
1501 339 1820 387 eruditissimo

404 415 640 464 Gerberto
667 415 874 479 ejusdem
904 414 1118 462 coenobii
1144 414 1313 463 abbate
1339 417 1657 465 monachilem
1683 416 1822 464 habi-

406 503 510 539 tum
533 494 760 557 suscepit,
787 491 875 539 sub
900 509 998 557 quo
1010 494 1109 557 jam
1132 493 1181 539 in
1206 493 1375 542 ordine
1399 495 1657 542 instructus
1689 497 1823 561 prio-

404 581 563 616 ratum
585 569 950 617 administravit.
986 571 1125 617 Hunc
1160 570 1219 616 ab
1243 571 1412 619 abbate
1447 590 1532 620 suo
1565 591 1674 631 rex,
1711 575 1822 639 quia

402 649 535 712 prius
567 666 676 695 eum
709 658 908 696 noverat
938 649 1041 713 (ι),
1066 649 1316 713 requisivit
1345 661 1392 697 et
1421 650 1824 698 Crulaudensibus

404 728 683 792 praeposuit.
713 727 807 787 Qui
832 738 1084 791 postquam
1108 727 1376 775 Crulandiae
1398 729 1610 793 regimen
1630 728 1821 786 habuit,

404 803 738 867 praedecessori
764 821 848 850 suo
871 802 1093 868 precibus
1116 802 1350 850 benivolis
1366 804 1491 868 apud
1513 803 1826 852 Guillelmum

406 899 565 946 regem
601 881 856 928 subvenire
886 882 1069 946 sategit.
1101 880 1372 928 Ulfketelus
1406 883 1563 947 itaque
1594 883 1826 947 permissu

406 960 541 1024 Regis
565 961 778 1024 Burgum
803 960 874 1022 (2)
898 980 907 1004 :
935 959 990 1005 ad
1015 976 1145 1004 suam
1169 959 1349 1006 scilicet
1372 960 1633 1017 ecclesiam,
1658 960 1822 1017 rediit3

408 1036 570 1102 ibique
593 1049 702 1101 post
727 1037 911 1101 aliquot
934 1053 1084 1082 annos
1103 1046 1189 1082 V11⁰
1218 1036 1321 1083 idus
1337 1038 1461 1101 junii
1487 1037 1626 1084 obiit.

472 1117 626 1163 Porro
646 1114 787 1160 abbas
804 1113 1037 1178 Ingulfus‚
1059 1124 1204 1177 prout
1222 1115 1399 1178 potuit,
1417 1125 1634 1178 suscepto
1653 1131 1827 1162 mona-

409 1194 554 1240 sterio
578 1191 831 1239 subvenire
855 1189 1062 1244 studuit3
1092 1190 1172 1237 sed
1194 1191 1385 1238 adversa
1414 1203 1538 1238 nutu
1555 1193 1639 1238 Dei
1664 1210 1828 1257 quam-

407 1272 613 1336 plurima
641 1270 860 1335 pertulit.
892 1268 1013 1315 Nam
1045 1286 1152 1333 pars
1183 1269 1388 1316 ecclesiae
1418 1287 1527 1316 cum
1555 1270 1753 1317 officinis
1783 1280 1830 1317 et

407 1348 617 1396 vestibus
641 1358 688 1395 et
706 1347 866 1403 libris,
894 1346 1152 1412 multisque
1175 1347 1276 1393 aliis
1296 1346 1436 1393 rebus
1460 1347 1728 1394 necessariis
1747 1365 1830 1395 re·-

408 1426 611 1491 pentino
651 1426 758 1489 igne
796 1423 1045 1472 combusta
1083 1434 1152 1470 est
1190 1424 1278 1487 (ὅ).
1324 1425 1427 1487 Ipse
1471 1441 1663 1490 quoque
1700 1425 1828 1489 gravi

409 1502 584 1551 morbo
609 1501 830 1567 podagrae
853 1500 1097 1558 detentus,
1123 1499 1204 1547 diu
1224 1511 1332 1548 ante
1348 1511 1556 1548 mortem
1579 1519 1710 1548 suam
1726 1501 1830 1547 lan-

409 1582 536 1645 guit,
570 1581 646 1627 sed
683 1580 831 1626 vivaci
865 1582 1025 1625 animo
1057 1577 1256 1625 subditis
1290 1578 1511 1642 prodesse
1545 1596 1644 1626 non
1674 1579 1827 1625 desiit.

411 1660 499 1705 Hic
517 1675 695 1722 >corpus
717 1656 930 1703 Guallevi
957 1656 1144 1703 comitis
1162 1656 1219 1702 de
1238 1656 1446 1720 capitulo
1463 1657 1604 1720 jussit
1621 1657 1667 1702 in
1690 1656 1833 1703 eccle-

410 1738 529 1784 siam
549 1735 824 1792 transferri,
852 1746 899 1782 et
917 1752 1104 1799 aquam,
1131 1733 1257 1781 unde
1271 1751 1371 1780 ossa
1391 1734 1682 1794 lavarentur,
1713 1733 1832 1780 cale-

412 1815 528 1863 fieri.
556 1814 646 1861 Sed
663 1824 916 1878 postquam
939 1811 1212 1876 sarcophagi
1239 1813 1536 1876 opertorium
1558 1812 1832 1859 revolutum

412 1904 504 1949 est,
523 1909 695 1955 corpus
713 1901 763 1937 X⁰
779 1895 846 1938 V1⁰
864 1891 1170 1938 dormitionis
1188 1908 1284 1936 suae
1304 1907 1432 1937 anno
1452 1890 1694 1954 integrum
1710 1889 1834 1935 sicut

413 1971 462 2017 in
479 1970 556 2017 die
578 1986 677 2034 quo
694 1969 933 2033 sepultum
950 1967 1107 2015 fuerat
1120 2004 1134 2025 ‚
1161 1979 1208 2015 et
1231 1977 1372 2033 caput.
1389 1968 1581 2032 corpori
1607 1969 1834 2031 conjunc-

412 2060 513 2095 tum
531 2059 777 2112 repertum
797 2057 883 2094 est.
907 2047 1065 2093 Filum
1084 2046 1419 2094 tantummodo
1440 2047 1571 2111 quasi
1590 2063 1681 2110 pro
1697 2047 1832 2110 signo

411 2126 739 2175 decollationis
771 2124 1094 2172 rubicundum
1132 2125 1356 2173 viderunt
1384 2124 1606 2173 monachi
1644 2134 1692 2171 et
1726 2125 1831 2170 lai'ci

409 2204 715 2270 quamplures
725 2204 808 2268 qui
821 2204 1060 2250 affuerunt
1068 2241 1078 2250 .
1092 2204 1346 2251 Translato
1356 2214 1514 2251 autem
1526 2203 1575 2249 in
1590 2202 1830 2250 ecclesiam

457 2357 508 2402 (1)
534 2354 596 2390 On
615 2354 715 2388 vient
735 2353 779 2388 de
798 2353 878 2387 voir
892 2351 983 2400 qu’il
997 2352 1091 2387 avait
1109 2354 1166 2387 ete
1185 2352 1376 2387 secretaire
1394 2351 1445 2386 du
1465 2353 1542 2396 roi,
1564 2352 1628 2400 qui
1640 2350 1792 2398 l’appela
1809 2353 1829 2385 a

411 2423 468 2451 cet
483 2414 617 2461 emploi
636 2413 726 2447 dans
742 2424 807 2447 son
825 2424 960 2459 voyage
975 2411 1230 2458 d'Angleterre
1245 2423 1291 2446 en
1309 2410 1390 2445 1051
1401 2437 1409 2446 .
1425 2412 1483 2446 Au
1499 2415 1663 2446 moment
1680 2409 1726 2444 de
1739 2409 1828 2444 l’ex·

411 2475 578 2523 pedition
601 2473 646 2508 dc
666 2472 753 2508 1066
766 2501 775 2515 ‚
794 2472 821 2506 il
839 2472 952 2514 avait,
974 2483 1019 2506 en
1037 2471 1174 2518 qualite
1191 2471 1236 2505 de
1253 2471 1380 2518 prieur
1394 2470 1438 2506 de
1452 2470 1613 2517 l’abbaye
1631 2469 1676 2504 de
1691 2470 1827 2505 Fonte·-

411 2536 505 2571 nelle
519 2548 568 2570 ou
582 2532 931 2575 Saint-VVandrille,
948 2533 1117 2579 presente
1135 2534 1153 2566 a
1172 2543 1212 2566 ce
1228 2532 1373 2579 prince,
1393 2531 1485 2566 dela
1504 2538 1585 2578 part
1603 2530 1648 2565 de
1666 2529 1826 2566 Gerbert

412 2608 476 2629 son
495 2594 603 2636 abbe,
626 2592 741 2627 donze
757 2591 955 2626 chevaliers
973 2598 1010 2626 et
1028 2603 1092 2625 1oo
1111 2602 1227 2626 mares
1245 2590 1431 2638 d’argent,
1452 2601 1594 2625 comme
1611 2588 1826 2635 contingent

411 2653 461 2687 ‹lu
481 2653 686 2687 monastere
703 2651 794 2685 dans
807 2651 840 2685 le
858 2650 1051 2697 personnel
1064 2657 1102 2685 et
1114 2650 1164 2685 les
1183 2650 1269 2684 frais
1288 2649 1334 2685 de
1352 2650 1593 2697 l'entreprise.

458 2715 508 2758 (2)
533 2713 825 2759 Peterborough.
845 2731 892 2738 —-
910 2711 1072 2745 Ulsketel
1093 2718 1245 2745 mourut
1263 2711 1295 2745 le
1313 2709 1357 2745 50
1379 2709 1583 2757 septembre
1607 2706 1707 2742 1085,

461 2772 508 2817 (⁷1)
535 2773 596 2806 Cel
621 2772 788 2807 incendic
805 2779 867 2805 cut
888 2772 960 2806 lieu
981 2784 1024 2806 en
1049 2783 1147 2817 ¹⁰9¹-
