1951 3194
425 307 504 345 330
791 304 1035 344 HISTORIA
1066 304 1468 348 ECCLESIASTICA.

425 385 541 431 dum
558 385 716 430 Sixtus
735 402 853 448 papa
879 385 929 431 in
951 384 1058 432 sede
1075 385 1332 450 apostolica
1352 387 1602 444 resideret,
1624 399 1671 435 et
1692 387 1843 435 AElius

426 462 689 513 Hadrianus
705 461 1052 526 rempublicam
1073 463 1379 528 gubernaret,
1401 464 1570 528 plenus
1587 465 1774 513 dierum
1796 477 1844 513 et

426 541 689 599 virtutum,
714 540 952 587 Taurinus
985 550 1058 589 111⁰
1086 540 1189 589 idus
1217 542 1400 606 augusti
1421 541 1478 590 de
1501 543 1628 591 coelo
1652 554 1844 590 vocatus

426 627 519 673 est,
549 626 594 663 et
625 616 816 663 ecclesia
839 618 1020 682 populo
1047 628 1227 667 astante
1252 618 1393 666 densa
1413 619 1744 685 odoriferaque
1765 638 1846 668 ne-

426 693 535 740 bula
561 694 740 759 repleta
768 706 854 742 est.
884 696 1146 744 Transacto
1170 696 1312 743 unius
1338 695 1470 744 horae
1495 697 1646 762 spatio
1672 695 1846 744 nebula

424 772 639 829 recessit,
665 783 713 819 et
731 772 949 837 pontifex
969 773 1018 820 in
1039 772 1256 820 cathedra
1277 773 1464 830 sedens,
1485 784 1532 820 et
1550 774 1682 839 quasi
1705 790 1846 821 orans

425 847 644 895 manibus
664 849 867 896 extensis
880 885 893 906 ‚
916 850 1160 916 oculisque
1179 850 1235 897 ad
1256 849 1435 896 coelum
1449 851 1592 897 versis
1611 850 1843 915 apparuit.

427 927 597 990 ingens
617 925 772 971 luctus
790 926 1218 989 parrochianorum
1235 943 1342 972 casu
1359 928 1560 990 pastoris
1579 927 1729 975 factus
1748 936 1817 975 est
1829 962 1843 983 ‚

419 1006 648 1068 jussuque
672 1004 824 1068 angeli
853 1005 956 1068 (qui
982 1004 1162 1067 populo
1189 1005 1237 1050 in
1262 1005 1414 1068 specie
1436 1005 1525 1050 viri
1552 1003 1846 1053 honorabilis

426 1083 728 1145 apparuerat)
752 1093 883 1128 extra
907 1081 1076 1128 urbem
1098 1083 1228 1146 quasi
1253 1082 1310 1128 ad
1330 1083 1519 1129 tertiam
1538 1095 1721 1147 partem
1745 1083 1847 1129 mil-

426 1159 547 1205 liarii
568 1158 625 1204 ad
645 1159 943 1205 occidentem
962 1160 1036 1205 vir
1055 1159 1138 1204 Dei
1158 1159 1368 1223 sepultus
1387 1170 1472 1206 est.
1496 1161 1648 1206 Locus
1668 1159 1747 1206 ille
1765 1159 1848 1206 diu

426 1236 734 1300 postmodum
754 1240 852 1283 sine
873 1235 1057 1283 honore
1075 1235 1263 1282 habitus
1281 1247 1365 1283 est.
1389 1237 1480 1285 Sed
1500 1254 1630 1284 nunc
1655 1237 1720 1283 ibi
1742 1254 1847 1301 gra-

429 1314 489 1359 tia
521 1314 604 1360 Dei
640 1315 812 1361 electus
853 1332 967 1378 grex
1000 1314 1350 1362 monachorum
1387 1315 1434 1361 in
1469 1315 1638 1361 militia
1670 1313 1846 1362 salubri

429 1393 718 1438 constitutus
737 1403 806 1439 est
823 1394 914 1456 (1).
945 1394 998 1438 ln
1022 1393 1300 1459 sepelitione
1325 1392 1607 1440 venerabilis
1638 1392 1847 1457 episcopi

427 1487 500 1516 res
521 1469 692 1515 accidit
713 1470 950 1515 inusitata.
976 1470 1100 1516 Dum
1125 1471 1170 1516 in
1191 1470 1431 1518 mausoleo
1448 1470 1622 1534 praesul
1643 1487 1698 1516 ex
1715 1486 1848 1516 more

426 1559 706 1611 poneretur,
742 1548 1042 1613 populusque
1073 1548 1214 1595 nimis
1248 1548 1412 1605 fleret,
1447 1548 1526 1595 ille
1556 1547 1687 1612 quasi
1713 1548 1849 1594 vivus

427 1625 483 1670 dc
503 1624 624 1671 fossa
644 1627 827 1688 erigens
849 1643 920 1682 se,
942 1626 1007 1670 ait
1031 1646 1039 1670 :
1063 1626 1235 1672 Filioli
1257 1628 1370 1681 mei,
1399 1624 1521 1686 quid
1542 1625 1631 1672 hoc
1639 1623 1849 1686 facitis?

427 1703 486 1751 Ν
484 1702 598 1749 alite
620 1705 795 1748 timere.
816 1704 1011 1748 Justum
1034 1705 1194 1748 virum
1219 1702 1405 1748 audite.
1433 1703 1497 1748 Et
1521 1702 1751 1748 inclinato
1770 1719 1848 1748 ca-

427 1781 526 1843 pite
553 1780 698 1825 siluit.

495 1857 692 1920 Sepulto
716 1859 873 1922 itaque
894 1874 1033 1905 servo
1054 1857 1252 1911 Christi,
1281 1857 1402 1903 dixit
1426 1857 1482 1904 ad
1507 1857 1738 1921 populum
1763 1874 1849 1902 an·-

427 1935 556 1999 gelus
580 1936 665 1981 Dei
692 1956 700 1979 ε
726 1936 956 1982 Recedite
974 1935 1219 1993 velociter,
1244 1952 1303 1980 ne
1326 1935 1632 1981 involvamini
1654 1934 1716 1981 ab
1743 1934 1851 1981 hos-

432 2013 573 2058 tibus.
600 2013 746 2058 Zsze
777 2017 940 2060 civitas
972 2016 1066 2060 ista
1096 2013 1398 2068 subvertetur,
1430 2013 1517 2059 sed
1544 2013 1706 2059 mallus
1737 2029 1851 2059 ves-

432 2091 942 2154 trampericlilabitur.
963 2092 1063 2136 Per
1078 2090 1228 2136 mullei
1247 2102 1460 2156 tempora
1480 2091 1748 2154 incognitas
1765 2091 1851 2136 erit

434 2168 566 2214 loeus
589 2169 692 2213 iste.
716 2168 797 2213 His
819 2167 956 2214 dictis
980 2186 1214 2232 nusquam
1236 2169 1527 2232 comparuit,
1551 2178 1597 2215 et
1617 2167 1850 2230 completa

434 2257 546 2291 sunt
569 2247 727 2292 omnia
752 2257 806 2291 ut
824 2246 1063 2309 praedixit.
1088 2247 1209 2292 Nam
1228 2247 1499 2310 sepulcrum
1528 2247 1675 2293 sancti
1703 2247 1851 2292 antis-

435 2323 533 2369 titis
568 2334 613 2370 et
647 2324 1021 2370 anniversarium
1050 2326 1274 2371 transitus
1307 2326 1403 2387 ejus
1427 2323 1509 2369 diu
1540 2322 1755 2370 homines
1783 2323 1852 2369 la·-

436 2412 634 2449 tuerunt
649 2437 660 2457 ,
684 2401 762 2448 sed
779 2402 1017 2449 revelante
1037 2403 1139 2449 Deo
1155 2402 1460 2466 postmodum
1476 2401 1680 2465 gloriose
1697 2411 1853 2464 patue-

434 2490 546 2525 runt
565 2480 651 2542 (2).
672 2479 812 2544 Signa
833 2497 1025 2544 quoque
1045 2479 1274 2526 nonnulla
1297 2497 1381 2544 per
1400 2496 1508 2525 eum
1527 2477 1649 2542 apud
1670 2476 1851 2523 Ebroas

485 2638 535 2682 (1)
561 2637 611 2672 Ce
626 2637 700 2671 lieu
720 2644 774 2672 est
797 2636 890 2672 celui
913 2639 961 2671 ou
982 2637 1054 2672 l⁷0n
1069 2639 1144 2672 voit
1159 2650 1290 2673 encore
1307 2637 1596 2684 l’eniplacement
1614 2637 1664 2671 du
1680 2636 1851 2671 tombeau

441 2694 485 2728 dc
501 2696 597 2730 saint
611 2697 770 2739 Taurin,
791 2703 827 2731 et
845 2698 893 2731 ou
910 2709 981 2731 une
1000 2697 1135 2743 abbaye
1154 2708 1172 2730 a
1192 2698 1250 2731 ete
1269 2696 1398 2732 fondee
1414 2709 1458 2731 en
1481 2708 1544 2731 son
1560 2697 1729 2730 honneur
1746 2702 1851 2730 avant

442 2755 471 2788 la
491 2755 537 2788 fin
556 2754 605 2787 ‹lu
620 2762 685 2789 vn‘
707 2756 824 2790 siecle.
845 2756 1016 2803 Quoique
1037 2757 1195 2803 compris
1211 2756 1299 2792 dans
1319 2756 1350 2790 la
1374 2755 1674 2801 circonscription
1698 2754 1850 2789 actuellc

439 2807 634 2856 ‹Plini-ux,
658 2817 681 2849 il
702 2818 788 2851 maii
804 2820 821 2851 ’ξι
842 2830 911 2852 unc
932 2819 1090 2852 cei-taine
1111 2817 1271 2852 distance
1290 2817 1333 2851 ‹le
1352 2819 1542 2852 l'cncointe
1560 2817 1734 2850 romanie.

477 2875 530 2916 (¹2)
559 2874 605 2907 lei
629 2874 774 2909 s'airretc
795 2876 823 2909 ln
844 2875 995 2920 legende
1020 2876 1228 2920 reproduite
1251 2888 1294 2910 cn
1318 2876 1448 2920 abrcge
1465 2875 1597 2920 jusque
1618 2874 1648 2908 la
1666 2887 1729 2921 par
1743 2879 1848 2908 notre
