1951 3194
131 243 267 296 [1066]
619 240 773 278 LIBER
801 239 1035 278 TERTIUS.
1470 241 1546 278 155

130 333 261 367 turos
300 318 466 365 minati
506 327 634 364 sunt.
677 319 831 364 Porro
867 316 1158 364 Guillermus
1192 315 1288 361 dux
1323 314 1405 361 uhi
1444 316 1547 362 fre-

127 399 431 464 quentiorem
468 406 761 444 conventum
799 413 967 443 eorum
1000 394 1207 451 audivit,
1251 411 1362 439 cum
1396 392 1545 440 valida

124 494 267 522 manu
294 479 605 540 appropians,
639 492 739 521 non
765 473 935 538 procul
969 491 992 519 a
1021 472 1273 520 Lundonia
1300 470 1541 528 consedit,

124 555 397 620 equitesque
423 554 712 619 quingentos
736 552 819 598 illo
840 552 1089 616 praemisit.
1120 551 1213 611 Qui
1237 567 1467 615 egressam
1487 549 1545 597 de

122 631 241 680 urbe
266 641 430 678 eontra
456 649 503 678 se
525 631 673 678 aciem
698 630 916 695 refugere
942 631 1067 676 intra
1089 629 1271 676 moenia
1296 628 1546 693 compule—

121 721 272 770 runt,
307 721 355 758 et
386 710 536 756 multa
569 719 722 774 strage
754 708 969 756 filiorum
1002 719 1050 756 et
1081 711 1348 755 amicorum
1388 708 1541 765 facta,

122 787 302 833 civibus
326 786 763 851 ingentemluctum
789 785 1077 832 intulerunt.
1101 784 1382 831 Incendium
1402 785 1546 831 etiam

122 864 316 910 urbanae
358 863 474 910 caedi
515 863 823 920 addiderunt,
868 873 914 910 et
951 862 1184 927 quidquid
1228 861 1544 908 aedificiorum

122 942 237 986 citra
260 940 438 988 flumen
464 950 586 998 erat,
616 952 964 987 cremaverunt.
996 941 1102 986 Dux
1127 950 1286 985 autem
1306 939 1544 984 Tamesim

129 1018 328 1065 fluvium
351 1020 683 1075 transmeavit,
706 1030 752 1066 et
774 1019 830 1065 ad
851 1018 1083 1084 oppidum
1101 1017 1543 1082 Guarengefort(1)

78 1126 80 1128 -
122 1106 357 1158 pervenit.

186 1173 302 1219 Illuc
321 1174 569 1237 Stigandus
584 1173 984 1237 archiepiscopus,
1000 1173 1175 1237 aliique
1194 1171 1384 1219 nobiles
1398 1171 1542 1236 Angli

122 1251 431 1298 advenerunt.
459 1252 698 1316 Edgarum
730 1250 1037 1316 abrogantes,
1064 1268 1229 1315 pacem
1264 1268 1372 1296 cum
1403 1250 1546 1296 Guil-

125 1329 265 1376 lelmo
283 1330 524 1386 fecerunt,
550 1331 800 1394 ipsumque
820 1329 908 1375 sibi
929 1328 1181 1376 dominum
1199 1338 1510 1392 susceperunt
1527 1364 1542 1387 ,

121 1417 166 1453 et
199 1408 283 1471 ipsi
314 1407 373 1452 ab
402 1425 458 1454 eo
484 1407 758 1472 benigniter
784 1407 1013 1470 suscepti,
1040 1406 1263 1470 pristinas
1289 1405 1544 1470 dignitates

121 1495 167 1530 et
203 1484 410 1532 honores
445 1496 747 1550 receperunt.
788 1484 1029 1531 Lundonii
1071 1484 1386 1542 nihilominus
1425 1484 1543 1530 utile

119 1564 373 1609 consilium
396 1564 732 1628 pel'cipiente5‚
759 1580 854 1610 sese
873 1564 921 1608 in
944 1561 1225 1627 obsequium
1242 1561 1374 1607 ducis
1394 1560 1544 1607 tradi-

118 1640 317 1701 derunt,
337 1652 383 1689 et
402 1642 587 1689 obsides
602 1659 723 1707 quos
742 1653 788 1689 et
804 1653 924 1707 quot
945 1642 1201 1705 imperarat
1218 1639 1536 1687 adduxerunt.

117 1719 329 1784 Edgarus
344 1721 589 1778 AdeHnus,
611 1722 692 1786 qui
707 1739 791 1768 rex
804 1721 958 1767 fuerat
971 1721 1262 1767 constitutus
1275 1718 1333 1765 ab
1351 1719 1537 1784 Angfis,

116 1797 332 1844 resistere
357 1798 567 1845 diffidens
581 1835 597 1859 ,
627 1799 872 1845 humiliter
893 1798 1152 1846 Guillelmo
1172 1816 1217 1845 se
1243 1815 1540 1862 regnumque

117 1875 340 1921 contulit.
373 1876 457 1922 Ille
486 1894 625 1934 vero,
652 1878 762 1942 quia
794 1876 917 1924 idem
941 1895 1059 1940 puer
1092 1877 1221 1922 mitis
1254 1887 1301 1922 et
1328 1876 1538 1922 sincerus

118 1963 242 2008 erat,
273 1963 319 1999 et
342 1954 658 2000 consobrinus
683 1954 893 2001 Eduardi
921 1954 1081 2018 Magni
1107 1955 1230 2019 regis
1263 1953 1417 2016 [filius
1443 1954 1538 1998 sci-

119 2029 229 2076 licet
240 2031 425 2094 nepotis
442 2034 538 2095 ejus
553 2042 652 2078 erat
665 2032 781 2096 (2)],
797 2030 1112 2077 amicabiliter
1124 2049 1231 2077 eum
1246 2030 1538 2094 amplexatus

119 2117 211 2162 est,
239 2118 285 2153 et
317 2110 450 2154 omni
482 2109 576 2154 vita
614 2127 691 2155 sua
726 2111 851 2156 inter
888 2109 1010 2156 filios
1046 2127 1153 2156 suos
1188 2107 1537 2156 honorabiliter

121 2198 366 2231 veneratus
389 2197 457 2233 est
479 2188 570 2251 (5).

168 2345 219 2387 (ι)
247 2346 515 2392 ἏῘᾈΙΙὶΠξςΓοΓά,
535 2348 653 2395 bourg
674 2348 764 2383 dans
781 2350 814 2383 lc
834 2349 1049 2391 Berkshire,
1071 2354 1088 2382 a
1107 2349 1151 2391 46
1171 2348 1288 2382 milles
1311 2348 1358 2383 O.
1376 2348 1421 2382 de
1437 2349 1534 2381 Lon-

123 2405 217 2438 drvs.
245 2406 296 2439 Ce
314 2405 404 2439 n'est
422 2418 483 2451 pas
511 2406 564 2450 111,
588 2409 677 2442 mais
701 2413 718 2442 a
737 2408 1023 2443 Berkhainstead
1043 2421 1115 2455 que
1139 2407 1352 2443 Guillauine
1373 2414 1476 2452 requt
1501 2407 1534 2440 la

123 2463 338 2496 ¹soninission
356 2462 418 2496 des
434 2464 620 2510 seigneurs
637 2467 784 2513 Anglais
802 2474 837 2501 et
858 2467 920 2501 des
937 2467 1124 2500 habitants
1142 2465 1187 2499 de
1207 2465 1380 2499 Lomlres.

167 2526 218 2566 (a)
244 2523 364 2569 Edgar
380 2522 555 2568 Atheling
570 2526 657 2559 emit
674 2538 719 2559 en
743 2526 825 2560 ess'et
849 2526 1073 2571 petit-neven
1090 2517 1530 2558 ‹FEdouard-le-Confes-

122 2596 214 2625 seur,
241 2595 382 2617 comme
406 2584 570 2629 petit-fils
593 2584 638 2617 de
658 2597 721 2619 son
744 2586 839 2619 frere
862 2585 1088 2631 consanguin
1107 2583 1277 2618 Edmond
1301 2583 1478 2617 Ironsidc.
1502 2584 1531 2617 Il

123 2643 235 2688 pai-aii,
268 2643 356 2689 qu⁷il
385 2644 471 2677 etait
501 2644 571 2677 fort
587 2644 698 2688 jcuiw
719 2647 736 2677 51
758 2651 852 2678 cette
877 2646 1030 2690 cpoque.
1057 2644 1133 2677 Gui
1159 2643 1345 2677 d’Amiens
1366 2642 1531 2689 Pappelle

120 2717 210 2744 fruet·
234 2706 271 2737 in
292 2710 451 2737 slaluam
472 2706 568 2748 regis
590 2704 736 2737 declus.

168 2762 216 2806 (Ti)
242 2764 326 2797 (leci
346 2764 429 2797 isos!
457 2775 515 2808 pas
534 2770 635 2796 «κιαι,
660 2770 695 2795 vt
720 2762 750 2794 lc
774 2763 896 2808 princi·
927 2762 1187 2807 „anglo-Sation
1216 2768 1279 2795 eut
1307 2767 1456 2794 souvcnt
1487 2773 1530 2794 au

124 2823 299 2856 ‘animin-
321 2827 336 2855 ξι,
359 2838 391 2853 κε·
413 2823 574 2868 plainam·
595 2822 638 2855 <lv
661 2822 688 2855 la
711 2822 931 2868 pariisiioinc
951 2821 994 2855 d<-
1011 2821 1216 2857 (iuillainnc
1231 2823 1247 2855 a
1267 2832 1329 2855 Son
1345 2819 1467 2866 cgartl.
