1951 3194
328 276 380 312 86
695 275 939 313 HISTORIA
967 273 1369 313 ECCLESIASTICA.
1463 279 1739 329 [1061-1063]

328 352 474 399 lerter
493 353 699 409 educati,
722 353 980 417 studiisque
998 352 1140 400 bonis
1166 352 1360 412 imbuti,
1386 356 1519 402 omni
1538 357 1632 402 vita
1657 374 1739 403 sua

329 430 467 477 utiles
482 440 846 494 permanserunt
866 429 1028 477 divino
1052 430 1252 493 cultui]‚
1272 431 1523 479 Rainaldus
1542 435 1739 496 Magnus

329 508 648 570 grammaticae
679 508 792 553 artis
826 508 1005 571 peritus
1025 543 1038 563 ,
1080 519 1125 554 et
1159 508 1364 555 Thomas
1394 509 1741 574 Andegavensis

330 584 581 631 nobilitate
625 584 865 641 famosus,
909 597 956 632 et
994 584 1262 632 Rodbertus
1307 586 1535 633 Gamaliel
1573 598 1742 635 cantor

331 663 559 726 egregius,
600 663 881 720 Tursiinus‚
921 662 1174 709 Rainaldus
1202 663 1456 727 Capreolus
1493 674 1539 710 et
1563 665 1746 712 Walte-

331 739 428 784 rius
454 739 646 785 Parvus.
676 741 733 785 Hi
759 741 1027 787 Neustriam
1051 740 1205 787 natale
1229 741 1384 788 solum
1407 741 1741 798 deseruerunt,

332 817 580 881 variosque
626 835 755 864 casus
798 820 1062 882 perpessuri
1117 819 1351 865 Sicaniam
1407 820 1742 884 expetierunt,-

332 894 458 940 unde
482 895 675 958 quidam
700 913 867 943 eorum
895 896 1201 960 postmodum
1226 898 1494 954 redierunt,
1522 897 1747 944 nonnulli

333 988 445 1017 vero
477 982 714 1035 pastorem
743 991 880 1018 suum
918 974 1012 1020 fine
1050 983 1184 1020 tenus
1207 976 1425 1037 jurantes
1455 974 1502 1019 in
1535 973 1748 1020 Calabria

333 1048 559 1095 ultimum
583 1051 709 1097 diem
743 1051 1028 1097 clauserunt.
1056 1052 1207 1097 Porro
1234 1051 1436 1097 domnus
1465 1051 1746 1106 Mainerius‚

336 1146 478 1193 quem
491 1128 761 1175 Rodbertus
778 1128 919 1175 abbas
936 1147 993 1174 an
1001 1140 1044 1175 te
1058 1130 1259 1192 primam
1273 1128 1605 1175 discessionem
1619 1146 1751 1174 suam

333 1208 547 1270 priorem
583 1206 879 1253 claustralem
918 1207 1257 1262 constituerat,
1298 1206 1407 1270 quia
1443 1216 1551 1269 post
1579 1223 1752 1268 paucos

334 1284 430 1330 dies
458 1282 769 1347 profectionis
797 1285 892 1346 ejus
920 1283 1122 1328 Beccum
1149 1295 1447 1346 perrexerat,
1476 1283 1753 1347 primusque

336 1362 393 1408 de
423 1361 756 1408 substituendo
787 1362 878 1407 alio
911 1360 1079 1407 abbate
1115 1379 1224 1407 cum
1250 1360 1517 1407 Lanfranco
1546 1363 1755 1408 Beccen—

339 1439 461 1484 sium
481 1439 643 1501 priore
663 1448 961 1492 tractaverat,
983 1436 1199 1484 eumdem
1219 1438 1292 1482 cui
1317 1438 1662 1500 professionem
1680 1438 1756 1485 fe·-

340 1526 467 1562 cerat
490 1514 853 1578 implacabiliter
876 1514 1154 1560 offenderat.
1175 1513 1311 1560 Unde
1332 1515 1475 1560 minis
1495 1517 1591 1577 ejus
1611 1515 1757 1562 terri-

342 1606 435 1652 tus,
463 1604 510 1640 et
528 1593 830 1656 improperiis
855 1592 1099 1638 fautorum
1125 1593 1220 1655 ejus
1244 1591 1474 1639 dedecore
1498 1593 1754 1649 lacessitus,

343 1673 544 1720 consilio
577 1682 623 1718 et
651 1672 883 1735 permissu
911 1669 1111 1717 Osberni
1141 1669 1319 1716 abbatis
1346 1670 1625 1716 Cluniacum
1651 1688 1756 1736 per.

345 1751 498 1807 rexit,
538 1748 699 1813 ibique
730 1765 816 1812 per
848 1765 1002 1793 unum
1031 1765 1211 1793 annum
1244 1748 1452 1810 rigorem
1485 1747 1761 1794 Cluniacen-

347 1829 469 1874 sium
497 1827 702 1890 experiri
735 1825 823 1871 sub
848 1824 1119 1872 venerando
1152 1826 1351 1889 Hugone
1377 1824 1759 1872 Archimandrita

344 1905 586 1952 ferventer
609 1903 818 1951 edidicit.

410 1983 646 2030 Uticensis
687 1992 845 2030 autem
886 1981 1076 2028 ecclesia
1111 1983 1159 2027 in
1193 1980 1461 2045 hujusmodi
1497 1982 1763 2029 mutatione

347 2060 652 2107 vehementer
689 2059 892 2105 desolata
927 2069 1024 2114 est,
1061 2058 1319 2122 multisque
1359 2057 1757 2121 possessionibus,

349 2156 461 2202 quas
485 2137 616 2201 prius
642 2136 934 2200 possederat,
965 2136 1158 2199 spoliata
1190 2148 1274 2183 est.
1303 2136 1461 2183 Vicini
1492 2137 1619 2183 enim
1641 2136 1763 2181 mili-

350 2227 444 2270 tes,
477 2214 557 2278 qui
595 2213 809 2260 homines
837 2230 917 2259 seu
952 2213 1138 2276 cognati
1173 2213 1522 2259 Geroianorum
1546 2213 1760 2269 fuerant,

350 2290 643 2339 naturalibus
693 2290 894 2354 expulsis
949 2290 1214 2336 haeredibus
1238 2326 1250 2345 ,
1305 2290 1547 2337 monachis
1602 2291 1760 2336 Sancti

348 2370 537 2416 Ebrulfi
567 2386 729 2434 graves
763 2368 1000 2414 molestias
1037 2379 1083 2414 et
1115 2367 1285 2414 damna
1320 2367 1604 2414 inserebant.
1640 2367 1760 2414 Nam

350 2448 675 2512 unusquisque
704 2457 905 2501 terram,
939 2445 1010 2491 vel
1035 2445 1294 2501 ecclesiam,
1321 2464 1397 2492 seu
1425 2446 1656 2493 decimam
1683 2462 1761 2490 au-

354 2523 532 2570 ferebat
549 2559 561 2579 ‚
597 2533 643 2569 et
676 2540 826 2569 novus
853 2521 992 2567 abbas
1018 2532 1070 2567 ut
1099 2522 1273 2569 advena
1300 2541 1460 2569 rerum
1486 2522 1761 2568 donationes

354 2601 625 2664 ignorabam
657 2612 702 2648 et
728 2600 946 2664 indagare
970 2599 1027 2646 ab
1047 2600 1116 2646 his
1134 2637 1145 2657 ,
1171 2601 1217 2646 in
1239 2600 1411 2665 quibus
1437 2600 1632 2646 minime
1651 2616 1763 2645 con-

353 2676 549 2731 fidebat,
592 2677 924 2723 certitudinem
964 2696 1149 2736 rerum,
1189 2695 1302 2741 quas
1336 2676 1602 2723 Rodbertus
1639 2674 1761 2720 filius

359 2755 602 2818 llelgonis‚
631 2766 675 2801 et
700 2756 899 2802 Geroius
925 2756 1046 2802 iilius
1072 2755 1250 2802 Fulcoii
1277 2755 1332 2801 de
1363 2752 1650 2811 Mosterolo‚
1683 2769 1762 2798 seu
