1951 3194
61 258 329 308 [1066-1089]
547 253 704 292 LIBER
735 252 975 301 QUINTUS.
1388 252 1465 289 395

123 334 235 380 XII.
263 334 486 379 AEternus
511 330 765 395 dispositor
791 347 954 377 rerum
985 344 1153 375 navem
1183 343 1313 373 suam
1342 327 1467 373 inter

59 410 289 475 procellas
317 409 474 456 saeculi
499 418 721 473 potenter
739 406 868 454 vehit
892 417 938 454 et
957 407 1189 471 sapienter
1206 403 1438 470 gubernat
1452 441 1464 461 ‚

60 498 107 534 et
132 487 181 533 in
200 487 332 533 vinea
358 503 437 531 sua
456 485 652 532 colonos
674 483 886 548 quotidie
910 482 1175 529 laborantes
1197 480 1469 546 benigniter

60 564 263 627 adjuvat,
285 573 423 628 atque
444 561 682 608 infusione
700 560 903 607 coelestis
921 561 1084 624 gratiae
1105 570 1269 608 contra
1288 558 1471 606 labores

61 651 109 689 et
128 641 335 706 pericula
354 639 652 688 corroborat.
674 641 748 685 En
767 639 1020 685 Ecclesiam
1038 656 1167 684 suam
1192 639 1317 684 inter
1337 637 1471 684 belli-

63 735 195 766 cosos
224 717 454 763 tumultus
478 726 524 762 et
554 715 779 762 militares
806 716 1028 779 strepitus
1051 715 1247 778 provide
1272 714 1437 778 dirigit
1456 750 1468 769 ,

60 794 371 860 pluribusque
401 794 553 840 modis
578 792 926 858 augmentando
953 792 1205 838 salubriter
1227 791 1466 855 provehit.

62 873 164 919 Hoc
181 872 403 918 Uticense
419 871 761 918 monasterium
781 869 1094 934 plausibiliter
1111 879 1358 933 expertum
1377 878 1468 924 est,

61 947 191 1012 quod
221 948 270 994 in
296 947 444 994 sterili
468 965 609 1005 rure,
639 958 686 994 et
720 948 845 994 inter
867 947 1091 1012 pessimos
1123 946 1279 993 affines
1311 945 1473 991 consi-

62 1036 163 1071 tum
189 1035 257 1072 est
272 1061 285 1082 ‚
313 1025 391 1072 sed
415 1042 504 1091 ope
539 1043 755 1089 supernae
779 1025 963 1089 pietatis
988 1035 1155 1071 contra
1178 1021 1473 1087 perfidorum

63 1103 269 1150 minaces
317 1113 511 1150 conatus
559 1103 854 1150 defensatum
905 1113 989 1150 est.
1038 1102 1294 1148 Mainerius
1332 1099 1473 1146 abbas

63 1197 224 1227 mense
259 1180 381 1243 julio
422 1180 559 1244 hujus
607 1181 811 1227 ecclesiae
860 1198 1022 1226 curam
1061 1179 1291 1243 suscepit,
1338 1178 1475 1242 eique

64 1274 165 1303 xxu
216 1258 350 1303 annis
404 1268 450 1304 et
494 1274 582 1305 vm
631 1258 870 1305 mensibus
915 1258 1099 1304 utiliter
1147 1256 1337 1320 praefuit
1378 1256 1471 1319 (i).

62 1336 214 1382 Porro
234 1352 334 1382 xcu
359 1335 633 1392 monachos,
663 1336 719 1382 ad
743 1335 976 1400 agendum
995 1353 1113 1398 opus
1131 1335 1237 1391 Dei,
1261 1333 1476 1398 pruden-

65 1423 138 1459 ter
163 1413 211 1459 in
236 1415 336 1476 ejus
360 1413 483 1460 ovile
505 1414 701 1471 locavit,
728 1424 775 1461 et
798 1414 1002 1479 qualiter
1028 1412 1205 1459 ibidem
1229 1411 1400 1458 habere
1429 1428 1476 1457 se

64 1488 310 1547 deberent,
328 1490 534 1537 studiose
550 1491 774 1538 instituit.
792 1492 1038 1537 Basilicam
1051 1507 1163 1537 vero
1177 1506 1368 1545 novam,
1386 1488 1476 1534 do—

65 1583 261 1630 mosque
285 1566 528 1614 monachis
552 1568 828 1614 necessarias
855 1578 1131 1614 construere
1151 1567 1328 1629 coepit,
1356 1566 1477 1613 Deo-

61 1660 154 1707 que
190 1643 456 1706 opitulante
492 1654 561 1690 sat
596 1645 834 1709 eleganter
860 1646 910 1691 in
935 1645 1130 1708 regione
1154 1644 1334 1692 deserta
1359 1660 1477 1689 con-

62 1721 329 1767 summavit.
378 1721 509 1768 Bona
561 1721 682 1768 fama
729 1723 973 1787 religionis
1023 1740 1190 1770 eorum
1233 1722 1476 1768 Uticenses

62 1797 271 1845 ubertim
294 1798 565 1845 nobilitavit
580 1838 592 1858 ,
615 1811 662 1847 et
683 1801 860 1847 multos
885 1811 1102 1864 potentes
1126 1811 1268 1865 atque
1290 1798 1476 1846 medio-

64 1892 161 1922 cres
203 1875 259 1921 ad
298 1894 509 1924 amorem
554 1894 720 1923 eorum
761 1879 1056 1940 provocavit.
1100 1878 1264 1923 Plures
1302 1876 1359 1922 ad
1398 1893 1477 1922 eos

64 1964 407 2011 cucurrerunt,
437 1963 491 1998 ut
517 1954 580 1999 eis
609 1955 829 2001 societate
858 1965 1183 2011 necterentur,
1218 1964 1264 2000 et
1291 1952 1477 2000 benefi-

65 2030 248 2076 ciorum
265 2030 517 2093 participes
534 2048 639 2095 erga
655 2031 807 2078 Deum
827 2032 927 2079 fieri
950 2042 1267 2079 mererentur.
1289 2030 1476 2077 Dabant

65 2116 249 2152 terrena
265 2141 278 2161 ‚
308 2115 361 2151 ut
385 2124 409 2151 a
435 2107 534 2153 Deo
558 2108 826 2171 reciperent
851 2109 1077 2156 coelestia.

109 2335 158 2379 (1)
185 2334 351 2378 Mainier,
367 2334 420 2368 sils
437 2334 482 2369 de
495 2335 668 2370 Goscelin
679 2328 924 2371 d'Echaufour
936 2344 973 2372 et
983 2337 1186 2385 quatrieme
1197 2336 1289 2370 abbe
1301 2334 1345 2370 de
1356 2335 1475 2370 Saint-

65 2386 233 2437 Evroult,
255 2396 425 2429 consacre
442 2407 507 2441 pai·
523 2396 691 2442 HugueS,
713 2396 846 2444 eveque
861 2396 906 2431 de
924 2398 1085 2440 Lisieux,
1108 2397 1141 2431 le
1164 2396 1204 2430 16
1222 2395 1344 2442 juillet
1366 2393 1472 2436 1066,

64 2464 205 2487 comme
228 2465 320 2487 nous
338 2453 471 2488 l'avons
492 2454 572 2500 deja
596 2467 656 2488 vu.
676 2455 791 2489 Notre
815 2463 943 2491 auteur
965 2469 984 2491 a
1000 2457 1190 2502 beaucoup
1208 2455 1305 2489 varie
1328 2454 1418 2487 dans
1440 2453 1473 2487 la

66 2513 302 2559 supputation
326 2512 388 2546 des
409 2515 539 2548 annees
553 2514 598 2549 de
614 2514 931 2551 l’administration
951 2516 996 2551 de
1016 2517 1182 2551 Mainier.
1206 2516 1303 2549 Dans
1323 2527 1372 2548 un
1390 2525 1473 2560 pas-

65 2583 147 2618 sage
162 2571 212 2605 du
231 2572 319 2607 livre
339 2584 389 2615 ιιι,
407 2572 433 2606 il
447 2572 597 2620 indique
612 2575 715 2622 vingt
728 2582 830 2610 etun
847 2588 909 2610 ans
926 2583 964 2611 et
977 2584 1054 2623 sept
1071 2577 1181 2619 mois;
1199 2576 1289 2610 dans
1304 2587 1354 2609 un
1369 2581 1473 2608 autre

66 2629 115 2663 du
138 2630 254 2665 inemo
268 2630 355 2665 livre
372 2631 397 2665 il
416 2631 514 2677 parle
533 2632 577 2667 de
596 2634 811 2680 vingt-deux
826 2647 888 2668 ans
906 2642 941 2669 ct
959 2643 1037 2681 sept
1051 2636 1142 2669 mois
1156 2663 1164 2676 ‚
1192 2641 1227 2669 et
1243 2634 1339 2668 cnsin
1362 2633 1406 2667 ici
1427 2632 1471 2665 dc

67 2690 276 2735 vingt-deux
296 2704 357 2724 ans
376 2698 410 2725 cl
436 2691 514 2725 huit
538 2694 639 2726 mois.
668 2693 697 2726 ll
720 2694 834 2739 parait
856 2707 926 2741 quc
950 2696 1034 2729 c⁷cst
1052 2698 1068 2728 Ξι
1092 2694 1122 2728 la
1149 2693 1300 2729 secondo
1327 2693 1472 2727 fixation

68 2747 152 2792 qu’il
172 2748 246 2783 saut
266 2749 442 2791 §ari-stieng
465 2758 494 2783 vl
519 2764 588 2797 quc
611 2753 763 2788 Mainier
785 2762 928 2789 mourut
950 2755 981 2789 lc
1000 2754 1019 2787 5
1042 2767 1135 2788 mars
1160 2753 1254 2799 1089.
