1951 3194
110 250 250 297 [1077]
607 247 759 285 LIBER
791 247 1033 296 QUINTUS.
1450 249 1527 286 309

110 326 238 372 tabo.
267 326 349 371 His
381 324 516 371 (lictis
545 342 709 372 omnes
735 326 956 390 protinus
986 335 1305 390 consurgunt,
1339 324 1525 372 decenti

109 403 165 450 ad
189 403 468 469 gestandum
490 403 675 451 ferculo
694 404 946 468 praesulem
967 404 1242 468 imponunt,
1272 413 1318 450 et
1341 401 1398 449 de
1421 403 1528 450 vico

111 481 192 545 qui
221 481 347 528 Pons
378 481 597 545 Episcopi
634 481 706 544 (1)
737 481 932 537 dicitur,
965 482 1229 528 Lexovium
1255 479 1526 539 deducunt,

113 559 294 623 ipsique
318 559 520 606 illustres
545 558 703 605 clerici
739 569 785 604 et
820 558 1122 605 honorabiles
1156 558 1259 604 laici
1284 557 1530 603 ‘amatissi-

110 653 243 681 mum
262 647 445 699 patrem
467 635 723 683 devehunt.
750 634 963 681 Tandem
983 634 1097 681 dum
1120 634 1346 681 festinare
1371 634 1428 681 ad
1451 652 1531 680 ur-

114 714 222 761 bem
243 715 485 771 nituntur,
519 724 676 760 morte
707 712 865 760 obiter
886 713 1176 760 accelerante
1201 713 1250 759 in
1277 712 1531 777 quamdam

112 792 357 855 planitiem
385 791 635 838 herbosam
663 791 1014 855 digrediuntur,
1050 790 1211 856 ibique
1241 809 1350 837 cum
1374 792 1532 856 lacry-

115 869 201 914 mis
225 879 271 915 et
293 866 590 915 orationibus
615 868 798 914 exitum
820 867 1036 931 praesulis
1059 867 1129 914 sui
1155 866 1243 914 sub
1266 866 1377 915 divo
1402 885 1532 931 prae—

113 946 358 994 stolantur.

296 1068 357 1103 Sol
375 1075 454 1103 erat
467 1070 505 1102 in
522 1068 664 1104 Cancro
683 1069 827 1104 radians
845 1068 1039 1115 splendore
1054 1081 1226 1112 corusco3

299 1128 438 1174 Sparsis
452 1129 663 1174 pontificem
681 1129 775 1164 velat
792 1129 903 1164 radiis
924 1130 1156 1165 morientem.

183 1241 233 1284 ln
256 1249 382 1285 tanta
406 1240 618 1287 claritate
637 1251 684 1287 et
708 1240 800 1288 loci
823 1241 1102 1288 amoenitate
1128 1240 1303 1287 nobilis
1324 1240 1531 1287 Antistes

120 1319 253 1380 llugo
280 1318 537 1364 collocatus
560 1319 737 1380 jacuit,
773 1328 819 1365 et
851 1319 975 1365 inter
1002 1336 1168 1364 manus
1201 1335 1397 1364 suorum
1432 1319 1531 1364 Deo

116 1395 390 1442 commenda
400 1406 472 1441 tus
493 1406 542 1441 >40
565 1407 634 1442 v1⁰
653 1396 744 1442 kal.
766 1397 948 1461 augusti
969 1397 1216 1460 expiravit.

302 1517 361 1551 Sic
380 1516 472 1551 obiit
490 1524 614 1551 nostro
632 1518 685 1551 vir
699 1528 772 1551 non
790 1516 1004 1563 reparabilis
1021 1528 1092 1550 aevo
1104 1544 1112 1555 ,

301 1577 453 1611 Gemma
472 1575 720 1619 sacerdotum,
741 1577 937 1623 patriaeque
956 1575 1066 1610 decus
1086 1582 1186 1622 patei·
1206 1575 1328 1621 Hugo.

118 1685 338 1729 Summus
372 1683 590 1747 pontifex
619 1683 859 1738 Christus,
890 1687 1020 1748 cujus
1050 1684 1171 1729 vices
1199 1683 1255 1729 ad
1286 1683 1452 1732 horam
1486 1684 1535 1729 in

121 1763 255 1809 terris
286 1763 452 1826 gessit,
490 1780 674 1826 semper
696 1763 736 1809 ei
772 1762 1007 1827 propitius
1032 1760 1119 1807 sit!
1156 1762 1281 1809 Pons
1311 1761 1536 1825 Episcopi

119 1849 326 1902 quatuor
345 1840 492 1902 leugis
514 1839 656 1884 distat
676 1857 699 1884 a
721 1840 945 1885 Lexovio.
971 1841 1025 1884 In
1045 1855 1211 1900 campo
1230 1854 1360 1884 secus
1384 1838 1535 1896 viam,

125 1915 201 1960 ubi
225 1914 395 1962 flamen
415 1914 661 1971 occubuit,
687 1933 805 1960 crux
825 1925 977 1961 erecta
997 1924 1083 1971 est,
1104 1931 1211 1978 quae
1230 1931 1379 1978 usque
1398 1913 1538 1960 hodie

123 1992 248 2038 Crux
286 1993 508 2056 Episcopi
535 2003 807 2057 nuncupata
842 2002 912 2038 est
942 1994 1025 2054 (2).
1068 1993 1253 2055 Corpus
1289 2009 1402 2038 vero
1442 1994 1538 2056 ejus

127 2071 384 2117 Lexovium
412 2070 621 2117 delatum
653 2082 745 2127 est,
787 2070 865 2116 sed
899 2070 1136 2134 sepultura
1169 2072 1266 2134 ejus
1300 2087 1449 2136 usque
1481 2070 1539 2116 ad

126 2165 207 2194 v111
229 2148 326 2195 dies
346 2166 434 2212 pro
458 2148 611 2212 litigio
638 2148 982 2196 canonicorum
1003 2158 1049 2195 et
1069 2147 1410 2194 monacharum
1430 2165 1541 2212 pro-

125 2225 261 2271 telata
281 2236 368 2272 est.
391 2225 561 2272 Clerici
580 2225 706 2272 enim
728 2226 776 2271 in
802 2225 1039 2289 episcopio
1066 2242 1173 2271 eum
1196 2225 1392 2289 sepelire
1410 2224 1538 2271 vole-

124 2302 265 2358 bant3
298 2303 377 2349 sed
409 2303 786 2350 sanctimoniales
810 2303 951 2349 simul
980 2303 1206 2350 acerrime
1230 2301 1541 2366 prohibentes

125 2378 346 2427 dicebant
367 2400 375 2424 :
399 2380 550 2426 Pater
563 2392 722 2427 noster
737 2380 881 2444 Ilugo
900 2380 1144 2427 abbatiam
1162 2390 1345 2427 sancta?
1362 2381 1541 2426 Marioe

173 2620 223 2663 (1)
248 2610 549 2665 Pont-PEveque.

176 2687 228 2728 (2)
256 2686 316 2722 On
346 2699 454 2733 pense
479 2699 549 2734 que
576 2694 669 2721 cette
689 2689 788 2721 croix
812 2687 930 2721 dcvait
956 2687 1031 2721 cti-c
1064 2685 1182 2733 placeo
1209 2686 1296 2722 dans
1318 2687 1350 2723 le
1376 2687 1449 2722 lieu
1479 2687 1542 2734 qui

135 2750 233 2789 porte
252 2745 485 2789 aujcul'dffiui
500 2745 532 2780 lc
552 2759 636 2781 noui
658 2746 701 2781 «lc
723 2738 991 2792 Pi·‹'·-l⁷Ev‹}quc.
