1951 3194
144 232 282 280 [1073]
626 228 779 267 LIBER
809 228 1061 276 QUARTUS.
1473 231 1550 268 255

143 327 248 356 cum
264 308 493 373 phalange
507 325 587 354 sua
602 307 801 364 obsedit,
821 307 978 372 ibique
993 306 1239 355 Rodberto
1253 308 1309 355 de
1323 308 1548 355 Belesmia

142 386 384 450 cingulum
405 385 588 431 militiae
614 386 881 450 praecinxit.
910 385 1150 432 Hubertus
1175 395 1331 432 autem
1356 386 1552 450 oppida-

141 480 230 509 nus
254 480 414 526 pacem
435 480 542 508 cum
562 480 669 527 rege
691 462 896 527 pepigit,
919 473 1066 508 castra
1087 481 1165 509 sua
1185 462 1550 510 Fredernaicum

141 550 187 586 et
216 539 515 586 Belmontem
542 541 612 602 (ι’)
637 539 862 595 reddidit,
895 540 1031 603 eique
1061 540 1305 604 aliquanto
1339 550 1551 605 tempore

140 616 444 679 postmodum
469 617 675 663 servivit.
703 615 882 662 Deinde
907 634 989 662 rex
1014 616 1227 664 Silleium
1247 619 1313 681 (2)
1340 616 1546 675 obsedit,

140 694 218 741 sed
249 695 495 741 castrensis
525 693 662 741 herus
687 711 844 757 regem
869 693 1066 757 supplex
1090 696 1308 758 expetiit,
1336 708 1382 742 et
1410 707 1550 760 opta-

141 782 237 817 tam
262 789 422 835 pacem
447 771 732 834 impetravit.
761 772 874 835 Regi
903 771 1132 817 nimirum
1156 789 1264 817 cum
1288 774 1435 819 nimia
1456 774 1550 819 vir-

141 859 243 895 tute
275 848 550 912 properanti
584 847 740 893 nullus
771 847 971 895 audebat
1000 849 1243 907 resistcre3
1279 850 1357 896 sed
1387 868 1551 897 omues

138 926 363 990 oppidani
387 944 440 971 ac
463 943 683 990 pagenses
709 943 818 972 cum
842 926 1022 973 clericis
1047 938 1094 972 et
1120 927 1342 974 omnibus
1362 928 1553 993 religio-

139 1004 198 1049 sis
218 1004 467 1067 paeificum
489 1002 814 1050 marchionem
838 1004 1151 1051 decreverunt
1171 1005 1378 1070 digniter
1400 1006 1550 1052 susci—

137 1099 272 1145 pere,
295 1084 486 1146 ejusque
507 1081 678 1128 ditioni
700 1081 923 1146 legitimae
943 1093 1184 1146 gratanter
1208 1083 1325 1131 colla
1352 1083 1551 1130 submit-

139 1170 255 1206 tere.
279 1159 491 1206 Tandem
508 1178 589 1206 rex
608 1160 927 1206 Cenomannis
945 1160 1095 1218 venit,
1118 1161 1335 1225 pluribus
1353 1162 1550 1209 catervis

140 1235 308 1283 urbem
334 1236 545 1293 obsedit,
571 1237 720 1284 edicta
746 1238 916 1303 regalia
941 1240 1033 1284 suis
1059 1250 1331 1303 opportune
1356 1241 1551 1286 intima-

139 1316 232 1371 vit,
263 1327 308 1361 et
333 1315 529 1361 urbanis
554 1316 805 1380 imperiose
829 1316 1069 1363 mandavit
1100 1329 1154 1363 ut
1177 1318 1438 1381 prudenter
1461 1318 1549 1364 sibi

139 1393 470 1448 consulerent,
505 1404 551 1439 et
586 1393 755 1440 urbem
786 1404 895 1441 ante
922 1395 1122 1441 assultus
1155 1407 1200 1442 et
1233 1396 1381 1443 ceedes
1412 1407 1553 1461 atque

140 1471 546 1518 concremationes
579 1471 667 1518 sibi
702 1490 811 1518 cum
847 1491 959 1537 pace
991 1474 1261 1521 redderent.
1302 1476 1355 1520 ln
1392 1476 1551 1521 crasti-

139 1565 255 1593 num
273 1559 430 1595 autem
450 1559 642 1613 accepto
666 1549 839 1596 salubri
863 1551 1062 1598 consilio
1089 1552 1210 1598 cives
1234 1553 1402 1616 egressi
1421 1562 1550 1608 sunt,

139 1636 186 1671 et
216 1627 447 1690 supplices
479 1628 576 1692 regi
614 1627 762 1674 claves
795 1629 997 1674 civitatis
1030 1628 1333 1685 detulerunt,
1364 1647 1554 1694 seseque

138 1702 358 1750 dedentes
374 1740 386 1761 ‚
427 1723 450 1750 a
486 1723 595 1770 rege
635 1704 907 1770 benigniter
947 1708 1150 1771 suscepti
1191 1718 1320 1754 sunt.
1364 1708 1551 1772 Reliqui

139 1796 253 1826 vero
278 1781 688 1829 Cenomannenses
712 1783 866 1830 territi
893 1795 1029 1839 sunt,
1057 1794 1109 1829 ut
1135 1794 1316 1830 tantam
1345 1784 1552 1831 inunda-

140 1857 322 1904 tionem
341 1859 559 1905 immanis
579 1861 812 1907 exercitus
832 1879 916 1924 per
935 1861 1051 1908 fines
1073 1880 1180 1909 suos
1200 1862 1400 1909 diffundi
1421 1862 1550 1909 vide-

139 1947 282 1995 runt,
299 1938 491 2001 jamque
515 1956 623 1984 suos
642 1940 896 2003 complices
915 1950 960 1986 et
977 1939 1185 1988 fautores
1204 1940 1425 1987 defecisse
1443 1952 1551 1987 ante

139 2012 307 2058 faciem
329 2013 647 2077 probatissimi
677 2015 919 2064 bellatoris
947 2028 1205 2064 noverunt.
1236 2019 1329 2082 Ipsi
1358 2036 1550 2083 quoque

139 2089 263 2151 pacis
290 2089 465 2153 legatos
492 2092 662 2138 victori
689 2092 1072 2150 destinaverunt,
1110 2105 1156 2140 ct
1179 2093 1297 2140 datis
1322 2094 1381 2140 al)
1407 2095 1552 2140 utris-

139 2184 229 2230 que
253 2167 453 2225 dextris,
483 2170 568 2233 ipsi
594 2169 829 2234 regalibus
849 2171 992 2235 signis
1011 2190 1089 2218 sua
1111 2172 1275 2219 vexilla
1296 2172 1551 2237 gaudentes

139 2244 511 2303 associaverunt,
538 2257 585 2293 et
615 2248 783 2294 exinde
813 2249 862 2294 in
886 2249 1030 2296 domo
1063 2268 1139 2295 sua
1171 2260 1216 2296 et
1241 2249 1329 2295 sub
1353 2250 1448 2295 vite.
1471 2267 1549 2294 sua

140 2323 314 2367 morari
341 2333 386 2369 et
414 2324 572 2371 ludere
595 2325 630 2369 si
658 2325 776 2371 libet
802 2327 961 2389 quiete
987 2328 1199 2390 permissi
1226 2338 1354 2372 sunt.

205 2400 380 2446 Pacatis
402 2401 557 2466 itaque
581 2403 681 2450 sine
700 2422 874 2469 magno
896 2405 1169 2451 discrimine
1193 2405 1552 2452 Cenomannen-

142 2475 292 2534 sibus,
319 2488 366 2523 et
388 2478 579 2541 pacifice
605 2480 692 2526 sub
715 2482 955 2529 Guillelmi
979 2484 1099 2548 regis
1128 2483 1308 2530 ditione
1336 2482 1554 2547 degenti-

189 2665 237 2708 (1)
264 2664 725 2700 Boaumont-le-Vicomte.

191 2724 238 2767 (9.)
264 2723 650 2759 Sille-lc-Guill-annue.
