1951 3194
113 254 249 302 [1069]
590 252 742 291 LIBER
773 254 1027 301 QUARTUS.
1451 262 1526 298 195

114 331 435 394 impatientem
457 331 558 376 xadi
576 367 587 385 ,
610 348 697 378 nec
717 333 904 397 navigio
925 334 1158 379 usitatam.
1186 334 1407 381 Reditum
1429 355 1528 383 sua-

112 407 332 456 dentibus
362 427 459 456 non
487 408 776 474 adquiescit,
812 422 1010 474 pontem
1043 412 1143 459 fieri
1178 412 1450 460 volentibus
1483 415 1528 461 id

111 495 439 549 opportunum
477 503 574 532 non
612 504 706 532 esse
740 488 1022 550 respondet,
1059 506 1118 535 ne
1151 488 1298 536 hostis
1331 501 1527 553 repente

110 579 250 626 super
276 580 353 609 eos
388 563 590 608 irrueret
619 573 662 608 et
693 562 953 609 inferemlae
986 564 1125 611 eladis
1151 567 1445 614 occasionem
1478 568 1526 614 in

112 641 212 703 ipso
236 659 377 704 opere
398 640 606 687 haberet.
632 641 747 686 Tres
773 639 1084 689 hebdomades
1110 643 1204 689 illic
1229 644 1523 693 detinentur.

110 720 325 783 Denique
350 719 497 765 Lisois
522 719 669 764 audax
693 718 851 775 miles,
879 738 1021 783 quem
1044 720 1101 767 de
1124 723 1429 770 Monasteriis
1452 726 1527 789 (ι)

108 797 507 861 agnominabant,
535 796 711 843 flumen
739 813 1040 861 summopere
1063 800 1352 857 attentabat,
1382 813 1427 848 et
1448 819 1529 849 va-

107 875 221 920 dum
247 892 384 937 supra
416 873 634 938 infraque
662 872 965 938 quaeritabat.
995 876 1084 923 Per
1110 876 1309 923 multam
1333 879 1526 926 demum

106 952 435 999 difficultatem
479 952 639 998 locum
676 952 1059 1001 transmeabilem
1097 953 1439 1019 deprehendit,
1481 969 1529 1005 et,

105 1047 213 1075 eum
254 1047 314 1076 Lx
357 1031 668 1095 magnanimis
717 1030 956 1096 equitibus
1001 1033 1305 1095 pertransivit
1324 1069 1335 1088 ,
1386 1052 1527 1099 super

106 1123 227 1170 quos
252 1107 461 1154 hostium
487 1107 748 1154 multitudo
774 1108 943 1164 irruit3
979 1108 1057 1154 sed
1088 1108 1159 1155 his
1188 1111 1415 1158 acerrime
1446 1130 1526 1158 re—

105 1184 428 1248 pugnantibus
451 1202 549 1231 non
574 1184 841 1250 praevaluit.
867 1185 1066 1232 Postero
1087 1186 1163 1233 die
1187 1187 1337 1234 Lisois
1360 1206 1526 1235 rever-

103 1279 178 1308 sus
200 1262 362 1327 prodit
381 1262 554 1308 vadum
568 1299 581 1322 ,
606 1281 691 1309 nec
710 1280 841 1309 mora
863 1263 1130 1309 traducitur
1149 1266 1400 1312 exercitus.
1425 1268 1528 1312 Itur

101 1357 186 1402 per
212 1341 390 1405 sylvaS,
418 1340 635 1404 paludes,
668 1351 895 1387 montana
913 1376 926 1397 ,
955 1341 1095 1388 valles
1128 1343 1392 1390 arctissimo
1426 1354 1526 1390 tra—

105 1418 248 1473 mite,
283 1418 365 1482 qui
403 1417 542 1466 binos
585 1418 839 1465 lateraliter
877 1419 943 1464 ire
980 1437 1079 1466 non
1121 1418 1405 1483 patiebatur.
1448 1422 1524 1467 Sic

104 1496 323 1544 Eboraco
361 1498 798 1561 appropinquatum
837 1508 937 1553 est,
983 1497 1061 1543 sed
1100 1500 1257 1544 Dauos
1292 1499 1524 1565 aufugisse

105 1576 377 1621 nuntiatum
411 1586 496 1621 est.
525 1576 624 1622 Rex
654 1585 811 1621 autem
844 1573 1064 1621 tribunos
1089 1586 1132 1621 et
1164 1576 1385 1639 praesides
1416 1595 1524 1623 cum

100 1662 392 1699 armatorum
429 1670 599 1707 mauu,
634 1653 716 1716 qui
753 1661 1074 1699 restaurarent
1108 1654 1155 1699 in
1190 1653 1309 1700 urbe
1339 1655 1523 1702 castella

101 1729 302 1787 direxit,
345 1741 391 1777 et
425 1731 539 1776 alios
573 1728 886 1776 nihilominus
923 1731 969 1775 in
1005 1730 1105 1794 ripa
1143 1729 1402 1788 Humbrae,
1437 1734 1520 1797 qui

99 1809 241 1854 Danis
264 1810 558 1865 resisterent,
579 1808 790 1872 reliquit.
816 1809 915 1871 Ipse
939 1825 1051 1855 vero
1084 1809 1129 1854 in
1159 1810 1359 1856 saltuosa
1384 1828 1521 1875 quae-

100 1885 206 1931 dam
235 1897 281 1931 et
304 1885 576 1932 difficillime
599 1884 883 1931 accessibilia
910 1885 1009 1931 loca
1042 1887 1318 1942 contendit,
1355 1898 1398 1933 et
1434 1887 1520 1933 ab·

96 1963 219 2010 ditos
246 1964 341 2009 illic
368 1963 522 2009 hostes
549 1962 766 2026 persequi
793 1979 1094 2025 summopere
1121 1963 1319 2009 studuit.
1357 1965 1519 2028 Spatio

99 2051 290 2087 centum
310 2041 642 2086 milliariorum
664 2050 808 2085 castra
835 2041 931 2101 ejus
953 2038 1309 2087 diffunduntur.
1334 2042 1520 2090 Pleros-

101 2136 192 2183 que
214 2117 369 2183 gladio
391 2117 576 2164 vindice
595 2118 731 2172 serit,
759 2117 961 2162 aliorum
983 2115 1184 2163 latebras
1206 2118 1401 2176 evertit,
1428 2131 1520 2167 ter-

101 2214 172 2242 ras
190 2195 419 2250 devastat,
442 2207 488 2241 et
507 2195 673 2241 domos
693 2212 800 2240 cum
820 2194 961 2240 rebus
982 2195 1206 2241 omnibus
1225 2209 1514 2244 concremat.

100 2273 342 2337 Nusquam
377 2282 502 2318 tanta
540 2271 818 2318 erudelitate
853 2289 963 2317 usus
998 2282 1066 2317 est
1099 2272 1407 2329 Guillelmus3
1442 2273 1518 2319 hic

100 2351 305 2413 turpiter
325 2350 441 2396 vitio
469 2349 747 2405 succubuit,
775 2348 890 2394 dum
915 2349 1032 2394 iram
1060 2366 1190 2394 suam
1217 2367 1378 2413 regere
1404 2368 1518 2397 eon-

100 2429 322 2492 tempsit,
365 2439 411 2473 et
451 2445 555 2474 reos
596 2428 924 2491 innocuosque
967 2428 1065 2490 pari
1112 2427 1517 2475 animadversione

99 2506 315 2570 peremit.
347 2505 490 2550 Jussit
521 2505 650 2551 enim
682 2506 745 2550 ira
779 2505 1056 2550 stimulante
1088 2503 1320 2568 segetibus
1354 2516 1397 2551 et
1431 2525 1518 2570 pe-

100 2583 289 2633 coribus
324 2601 431 2628 mun
460 2583 577 2627 vasis
611 2593 656 2627 et
689 2583 820 2629 omni
858 2599 1028 2644 genere
1062 2582 1398 2628 alimentorum
1437 2602 1517 2631 re-

145 2768 192 2811 (1)
221 2768 289 2801 Des
312 2767 500 2801 Moutiers.
522 2765 551 2799 Il
571 2764 682 2798 existe
696 2755 752 2796 'eu
780 2761 1005 2797 Normaudic
1033 2761 1212 2807 plusieurs
1238 2775 1449 2798 communes
1470 2766 1515 2799 de

100 2839 137 2860 ce
158 2839 255 2859 noui.
279 2827 327 2859 M.
349 2826 392 2860 ‹le
411 2824 572 2859 Gerville
593 2835 701 2870 pense
721 2821 808 2868 qu'il
830 2821 932 2866 s'agit
953 2821 998 2854 ici
1018 2820 1079 2854 <les
1100 2822 1513 2858 Momm-won-matois.
