1951 3194
429 335 506 373 24ss
792 335 1032 372 HISTORIA
1065 333 1463 373 ECCLESIASTICA.

428 414 709 459 latinitatem
734 413 967 477 divulgata
993 423 1087 468 est,
1129 424 1176 460 et
1210 424 1400 460 nectare
1424 413 1565 462 bonae
1597 416 1839 479 opinionis

427 492 524 553 ejus
548 489 852 537 occidentalis
875 489 1064 536 ecclesia
1085 490 1313 537 nobiliter
1331 490 1540 537 debriata
1561 503 1645 539 est.
1671 494 1839 557 Ingens

429 571 475 613 in
497 568 686 614 ecclesia
711 568 929 615 Beccensi
955 567 1222 615 liberalium
1245 569 1420 614 artium
1441 580 1488 616 et
1509 587 1649 617 sacrae
1673 571 1839 618 lectio-

428 646 500 690 nis
519 643 727 691 sedimen
748 662 835 708 per
854 644 1175 691 Lanfrancum
1196 646 1372 709 coepit,
1395 656 1441 692 et
1464 664 1548 710 per
1562 646 1839 693 Anselmum

426 722 676 785 magnifice
702 723 878 781 crevit,
918 734 970 768 ut
999 723 1107 769 inde
1140 723 1298 788 plures
1328 725 1642 788 procederent
1666 726 1836 790 egregii

427 799 645 847 doctores
670 809 715 845 et
738 799 924 862 providi
952 811 1108 846 nautae
1134 818 1185 846 ac
1214 801 1478 864 spirituales
1503 802 1702 866 aurigae,
1734 803 1838 866 qui-

428 876 515 923 bus
555 877 611 923 ad
653 877 913 941 regendum
956 879 1003 924 in
1050 877 1183 940 hujus
1222 878 1381 924 saeculi
1424 878 1571 925 stadio
1611 879 1839 925 divinitus

428 953 622 1001 habenae
642 955 904 1001 commissae
921 966 1032 1001 sunt
1048 955 1271 1002 Ecclesiae
1297 957 1388 1019 (1).
1420 957 1495 1003 Sic
1513 974 1569 1002 ex
1595 956 1727 1004 bono
1754 974 1838 1002 usu

429 1034 474 1079 in
501 1044 685 1079 tantum
710 1038 956 1095 Beccenses
977 1033 1235 1080 coenobitae
1254 1035 1420 1081 studiis
1440 1035 1705 1082 litterarum
1726 1046 1837 1081 sunt

426 1111 597 1168 dediti,
628 1122 674 1158 et
695 1114 741 1158 in
764 1113 1028 1176 quaestione
1052 1129 1132 1159 seu
1150 1113 1416 1175 prolatione
1434 1130 1678 1159 sacrorum.
1697 1113 1838 1176 aenig-

427 1200 608 1236 matum
634 1190 880 1236 utiliumve
904 1207 1177 1236 sermonum
1203 1191 1427 1236 insistunt
1451 1189 1623 1246 seduli,
1640 1202 1692 1236 ut
1718 1208 1838 1253 pene

425 1286 591 1316 omnes
606 1268 854 1314 videantur
874 1267 1169 1331 pl1i10s0pl1i;
1193 1278 1238 1314 et
1259 1286 1314 1314 ex
1333 1268 1655 1314 collocutione
1671 1284 1838 1314 eorum

427 1347 569 1393 etiam
600 1347 679 1411 qui
713 1347 936 1393 videntur
974 1347 1099 1392 inter
1135 1363 1212 1393 eos
1252 1346 1490 1401 illiterati,
1529 1355 1575 1392 et
1608 1356 1839 1391 vocantur

427 1425 589 1470 rustici
610 1460 620 1478 ‚
671 1423 853 1487 possint
896 1423 1097 1469 ediscere
1144 1422 1232 1468 sibi
1281 1422 1526 1469 commoda
1569 1432 1839 1485 spumantes

426 1502 741 1567 grammatici.
775 1500 1064 1547 Affabilitate
1088 1512 1249 1546 mutua
1284 1512 1330 1546 et
1360 1500 1566 1546 caritatis
1591 1499 1839 1545 dulcedine

430 1582 477 1626 in
509 1580 700 1626 Domini
727 1580 858 1624 cultu
880 1579 1108 1642 gaudent,
1136 1590 1182 1625 et
1206 1577 1485 1643 infatigabili
1510 1578 1761 1642 religione,
1787 1587 1840 1622 ut

427 1677 532 1704 vcra
551 1658 688 1705 docet
713 1676 790 1704 eos
809 1658 1031 1721 sapientia
1046 1693 1057 1712 ,
1082 1657 1282 1720 pollent.
1309 1657 1373 1703 De
1391 1656 1708 1720 hospitalitate
1729 1657 1840 1702 Bec-

429 1737 639 1783 censium
663 1736 945 1782 sufficienter
975 1735 1131 1800 eloqui
1160 1752 1362 1799 nequeo.
1398 1735 1681 1799 Interrogati
1715 1736 1840 1779 Bur-

428 1814 692 1878 gundiones
718 1823 763 1858 et
791 1813 1016 1875 Hispani,
1049 1812 1221 1876 aliique
1244 1812 1299 1857 de
1330 1812 1470 1874 longe
1502 1829 1582 1857 seu
1605 1811 1662 1857 de
1692 1827 1841 1874 prope

430 1891 735 1938 adventantes
759 1889 1097 1953 respondeant,
1121 1901 1166 1936 et
1187 1901 1360 1954 quanta
1386 1889 1679 1954 henignitate
1703 1888 1761 1934 ab
1780 1889 1842 1935 eis

431 1970 630 2034 suscepti
656 1969 860 2020 fuerint,
886 1970 985 2013 sine
1012 1968 1176 2014 frande
1198 1968 1469 2032 proferant,
1497 1986 1670 2032 eosque
1701 1969 1748 2014 in
1779 1969 1845 2013 si·-

431 2046 623 2093 milibus
656 2047 827 2092 imitari
863 2048 961 2093 sine
988 2045 1181 2092 fictione
1209 2057 1435 2110 satagant.
1462 2047 1609 2091 Janua
1633 2045 1844 2091 Beccen—

432 2127 555 2171 sium
577 2135 706 2188 patet
728 2124 858 2169 omni
884 2124 1077 2179 viatori,
1104 2140 1366 2187 eorumque
1392 2123 1522 2186 panis
1547 2122 1667 2168 nulli
1691 2121 1841 2168 dene-

430 2213 568 2267 gatur
614 2203 855 2247 caritative
899 2202 1097 2265 petenti.
1140 2202 1199 2247 Et
1239 2200 1354 2265 quid
1393 2201 1528 2264 plura
1569 2199 1626 2246 de
1668 2199 1836 2246 eisdem

432 2276 632 2344 loquar?
657 2279 785 2341 Ipsos
812 2279 856 2323 in
885 2277 1023 2324 bonis
1049 2287 1396 2340 perseverantes
1426 2277 1681 2335 custodiat,
1710 2286 1756 2322 et
1784 2275 1837 2321 ad

432 2368 625 2421 portum
651 2356 811 2402 salutis
837 2356 1095 2402 incolumes
1120 2355 1369 2419 perducat,
1392 2355 1471 2417 qui
1498 2354 1641 2418 gratis
1663 2355 1835 2417 coepit,

430 2434 705 2497 peragitque
728 2432 912 2478 bonum
937 2432 1062 2495 quod
1091 2432 1139 2476 in
1164 2431 1226 2475 eis
1252 2430 1491 2476 coruscat!

480 2662 527 2703 (ij
555 2660 651 2692 Sain!
679 2657 862 2699 AnsolniQ
885 2656 975 2689 abbe
1001 2655 1050 2688 du
1079 2654 1146 2689 Boc
1170 2654 1320 2702 (1079-(5
1344 2667 1439 2688 mars
1468 2654 1591 2702 1095),
1619 2656 1705 2689 &tait
1724 2656 1837 2700 origi*

436 2720 534 2752 nain-e
550 2718 696 2752 d'Aosio
714 2730 758 2750 cn
772 2717 952 2750 Pii'unont.
970 2715 1062 2757 (Sur
1076 2726 1129 2748 scs
1144 2726 1329 2759 ouvrages,
1348 2726 1452 2759 voyez
1471 2714 1651 2748 l'Hzictaire
1667 2716 1840 2748 lilte'mirc

436 2777 479 2810 dr
511 2777 666 2810 [ἤπια-ρ.
700 2783 725 2808 1.
757 2778 813 2818 ix).
843 2774 1054 2809 Guillannw
1072 2772 1117 2806 dv
1144 2773 1340 2814 Monam-i,
1371 2784 1434 2806 son
1466 2784 1670 2806 successeur
1690 2774 1729 2810 (2
1755 2773 1835 2807 aoi'u

442 2836 592 2883 insti-16
611 2836 696 2869 aii-il
722 2836 840 2878 ¹¹‘2si)'·
864 2834 978 2867 Boson
997 2834 1025 2874 (l
1041 2835 1163 2874 rba-24
1177 2832 1256 2877 juin
1279 2831 1390 2875 1136).
