<?xml version="1.0" encoding="UTF-8"?>
<!DOCTYPE html PUBLIC "-//W3C//DTD XHTML 1.0 Transitional//EN"
    "http://www.w3.org/TR/xhtml1/DTD/xhtml1-transitional.dtd">
<html xmlns="http://www.w3.org/1999/xhtml" xml:lang="en" lang="en">
 <head>
  <title>
</title>
<meta http-equiv="Content-Type" content="text/html;charset=utf-8" />
  <meta name='ocr-system' content='tesseract 3.04.00' />
  <meta name='ocr-capabilities' content='ocr_page ocr_carea ocr_par ocr_line ocrx_word'/>
</head>
<body>
  <div class='ocr_page' id='page_1' title='image "./ordericivitalish02ordeuoft/ordericivitalish02ordeuoft_0249.png"; bbox 0 0 1951 3194; ppageno 0'>
   <div class='ocr_carea' id='block_1_1' title="bbox 88 251 1521 1558">
    <p class='ocr_par' dir='ltr' id='par_1_1' title="bbox 88 251 1518 1247">
     <span class='ocr_line' id='line_1_1' title="bbox 89 251 1503 311; baseline -0.008 -13"><span class='ocrx_word' id='word_1_1' title='bbox 89 258 355 311; x_wconf 82' lang='lat'>[1067-1068]</span> <span class='ocrx_word' id='word_1_2' title='bbox 571 252 724 290; x_wconf 86' lang='lat' dir='ltr'>LIBER</span> <span class='ocrx_word' id='word_1_3' title='bbox 755 251 1010 300; x_wconf 82' lang='lat' dir='ltr'><strong>QUARTUS.</strong></span> <span class='ocrx_word' id='word_1_4' title='bbox 1426 251 1503 286; x_wconf 83' lang='lat'>175</span> 
     </span>
     <span class='ocr_line' id='line_1_2' title="bbox 88 325 1504 394; baseline -0.008 -12"><span class='ocrx_word' id='word_1_5' title='bbox 88 332 307 382; x_wconf 85' lang='lat' dir='ltr'>nonnulli</span> <span class='ocrx_word' id='word_1_6' title='bbox 334 331 429 378; x_wconf 90' lang='lat' dir='ltr'>telo</span> <span class='ocrx_word' id='word_1_7' title='bbox 459 348 543 376; x_wconf 84' lang='lat' dir='ltr'>suo</span> <span class='ocrx_word' id='word_1_8' title='bbox 578 348 623 376; x_wconf 84' lang='lat' dir='ltr'>se</span> <span class='ocrx_word' id='word_1_9' title='bbox 649 331 896 394; x_wconf 89' lang='lat' dir='ltr'>sociosque</span> <span class='ocrx_word' id='word_1_10' title='bbox 931 345 1037 374; x_wconf 87' lang='lat' dir='ltr'>suos</span> <span class='ocrx_word' id='word_1_11' title='bbox 1063 344 1155 372; x_wconf 90' lang='lat' dir='ltr'>una</span> <span class='ocrx_word' id='word_1_12' title='bbox 1182 325 1391 372; x_wconf 84' lang='lat' dir='ltr'>labentes</span> <span class='ocrx_word' id='word_1_13' title='bbox 1415 342 1504 371; x_wconf 89' lang='lat' dir='ltr'>ne-</span> 
     </span>
     <span class='ocr_line' id='line_1_3' title="bbox 89 403 1506 468; baseline -0.006 -10"><span class='ocrx_word' id='word_1_14' title='bbox 89 421 284 466; x_wconf 88' lang='lat' dir='ltr'>carunt,</span> <span class='ocrx_word' id='word_1_15' title='bbox 324 421 370 456; x_wconf 89' lang='lat' dir='ltr'>et</span> <span class='ocrx_word' id='word_1_16' title='bbox 404 409 542 454; x_wconf 84' lang='lat' dir='ltr'>multi</span> <span class='ocrx_word' id='word_1_17' title='bbox 577 407 813 454; x_wconf 77' lang='lat' dir='ltr'><strong>lethaliter</strong></span> <span class='ocrx_word' id='word_1_18' title='bbox 848 407 1080 454; x_wconf 80' lang='lat' dir='ltr'>vulnerati</span> <span class='ocrx_word' id='word_1_19' title='bbox 1115 405 1188 452; x_wconf 87' lang='lat' dir='ltr'>vel</span> <span class='ocrx_word' id='word_1_20' title='bbox 1221 403 1371 451; x_wconf 90' lang='lat' dir='ltr'>collisi</span> <span class='ocrx_word' id='word_1_21' title='bbox 1409 405 1506 468; x_wconf 91' lang='lat' dir='ltr'>spi—</span> 
     </span>
     <span class='ocr_line' id='line_1_4' title="bbox 88 482 1506 547; baseline -0.006 -12"><span class='ocrx_word' id='word_1_22' title='bbox 88 499 243 535; x_wconf 81' lang='lat' dir='ltr'><strong>rantes</strong></span> <span class='ocrx_word' id='word_1_23' title='bbox 280 487 336 533; x_wconf 85' lang='lat' dir='ltr'>ad</span> <span class='ocrx_word' id='word_1_24' title='bbox 368 504 495 533; x_wconf 88' lang='lat' dir='ltr'>mare</span> <span class='ocrx_word' id='word_1_25' title='bbox 529 485 739 533; x_wconf 87' lang='lat' dir='ltr'>devoluti</span> <span class='ocrx_word' id='word_1_26' title='bbox 779 495 907 531; x_wconf 83' lang='lat' dir='ltr'>sunt.</span> <span class='ocrx_word' id='word_1_27' title='bbox 944 484 1108 531; x_wconf 88' lang='lat' dir='ltr'>Plures</span> <span class='ocrx_word' id='word_1_28' title='bbox 1139 483 1307 540; x_wconf 85' lang='lat' dir='ltr'>etiam,</span> <span class='ocrx_word' id='word_1_29' title='bbox 1337 483 1419 547; x_wconf 85' lang='lat' dir='ltr'>qui</span> <span class='ocrx_word' id='word_1_30' title='bbox 1449 482 1506 528; x_wconf 88' lang='lat' dir='ltr'>ad</span> 
     </span>
     <span class='ocr_line' id='line_1_5' title="bbox 88 558 1506 630; baseline -0.005 -18"><span class='ocrx_word' id='word_1_31' title='bbox 88 582 267 630; x_wconf 84' lang='lat' dir='ltr'>puppes</span> <span class='ocrx_word' id='word_1_32' title='bbox 296 581 501 628; x_wconf 81' lang='lat' dir='ltr'>propere</span> <span class='ocrx_word' id='word_1_33' title='bbox 522 562 767 618; x_wconf 85' lang='lat' dir='ltr'>anhelant,</span> <span class='ocrx_word' id='word_1_34' title='bbox 796 561 909 607; x_wconf 90' lang='lat' dir='ltr'>dum</span> <span class='ocrx_word' id='word_1_35' title='bbox 935 561 1096 606; x_wconf 86' lang='lat' dir='ltr'>salutis</span> <span class='ocrx_word' id='word_1_36' title='bbox 1118 561 1324 607; x_wconf 88' lang='lat' dir='ltr'>nimium</span> <span class='ocrx_word' id='word_1_37' title='bbox 1348 558 1506 624; x_wconf 87' lang='lat' dir='ltr'>cupidi</span> 
     </span>
     <span class='ocr_line' id='line_1_6' title="bbox 90 638 1508 707; baseline -0.004 -18"><span class='ocrx_word' id='word_1_38' title='bbox 90 642 355 707; x_wconf 85' lang='lat' dir='ltr'>trepidant,</span> <span class='ocrx_word' id='word_1_39' title='bbox 382 658 558 706; x_wconf 84' lang='lat' dir='ltr'>suaque</span> <span class='ocrx_word' id='word_1_40' title='bbox 583 639 894 686; x_wconf 88' lang='lat' dir='ltr'>multitudine</span> <span class='ocrx_word' id='word_1_41' title='bbox 927 657 1068 686; x_wconf 88' lang='lat' dir='ltr'>naves</span> <span class='ocrx_word' id='word_1_42' title='bbox 1090 638 1392 703; x_wconf 89' lang='lat' dir='ltr'>deprimunt,</span> <span class='ocrx_word' id='word_1_43' title='bbox 1423 655 1508 684; x_wconf 90' lang='lat' dir='ltr'>su—</span> 
     </span>
     <span class='ocr_line' id='line_1_7' title="bbox 89 717 1508 782; baseline -0.004 -15"><span class='ocrx_word' id='word_1_44' title='bbox 89 720 195 767; x_wconf 85' lang='lat' dir='ltr'>bito</span> <span class='ocrx_word' id='word_1_45' title='bbox 230 719 461 766; x_wconf 82' lang='lat' dir='ltr'>submersi</span> <span class='ocrx_word' id='word_1_46' title='bbox 501 727 720 782; x_wconf 87' lang='lat' dir='ltr'>pereunt.</span> <span class='ocrx_word' id='word_1_47' title='bbox 762 717 956 781; x_wconf 82' lang='lat' dir='ltr'>Equites</span> <span class='ocrx_word' id='word_1_48' title='bbox 998 717 1267 764; x_wconf 88' lang='lat' dir='ltr'>Normanni</span> <span class='ocrx_word' id='word_1_49' title='bbox 1304 727 1508 781; x_wconf 80' lang='lat' dir='ltr'>quantos</span> 
     </span>
     <span class='ocr_line' id='line_1_8' title="bbox 92 794 1507 860; baseline -0.004 -15"><span class='ocrx_word' id='word_1_50' title='bbox 92 798 353 845; x_wconf 87' lang='lat' dir='ltr'>consectari</span> <span class='ocrx_word' id='word_1_51' title='bbox 398 806 624 860; x_wconf 83' lang='lat' dir='ltr'>possunt,</span> <span class='ocrx_word' id='word_1_52' title='bbox 670 794 1085 858; x_wconf 86' lang='lat' dir='ltr'>comprehendunt</span> <span class='ocrx_word' id='word_1_53' title='bbox 1142 795 1216 841; x_wconf 85' lang='lat' dir='ltr'>vel</span> <span class='ocrx_word' id='word_1_54' title='bbox 1264 794 1507 841; x_wconf 82' lang='lat' dir='ltr'>occidunt,</span> 
     </span>
     <span class='ocr_line' id='line_1_9' title="bbox 93 873 1510 937; baseline -0.003 -15"><span class='ocrx_word' id='word_1_55' title='bbox 93 875 402 922; x_wconf 82' lang='lat' dir='ltr'>Eustachium</span> <span class='ocrx_word' id='word_1_56' title='bbox 420 891 532 921; x_wconf 88' lang='lat' dir='ltr'>vero</span> <span class='ocrx_word' id='word_1_57' title='bbox 552 874 765 937; x_wconf 88' lang='lat' dir='ltr'>eripiunt</span> <span class='ocrx_word' id='word_1_58' title='bbox 784 873 1006 921; x_wconf 81' lang='lat' dir='ltr'>velocitas</span> <span class='ocrx_word' id='word_1_59' title='bbox 1027 873 1315 936; x_wconf 74' lang='lat' dir='ltr'>cornipedis,</span> <span class='ocrx_word' id='word_1_60' title='bbox 1340 873 1510 919; x_wconf 81' lang='lat' dir='ltr'>notitia</span> 
     </span>
     <span class='ocr_line' id='line_1_10' title="bbox 92 949 1512 1016; baseline -0.001 -19"><span class='ocrx_word' id='word_1_61' title='bbox 92 952 323 1006; x_wconf 82' lang='lat' dir='ltr'>tramitis,</span> <span class='ocrx_word' id='word_1_62' title='bbox 357 950 661 1016; x_wconf 82' lang='lat' dir='ltr'>paratiorque</span> <span class='ocrx_word' id='word_1_63' title='bbox 684 950 828 996; x_wconf 85' lang='lat' dir='ltr'>navis.</span> <span class='ocrx_word' id='word_1_64' title='bbox 860 949 932 996; x_wconf 82' lang='lat' dir='ltr'>lbi</span> <span class='ocrx_word' id='word_1_65' title='bbox 957 949 1279 997; x_wconf 86' lang='lat' dir='ltr'>nobilissimus</span> <span class='ocrx_word' id='word_1_66' title='bbox 1316 951 1408 995; x_wconf 72' lang='lat' dir='ltr'>liro</span> <span class='ocrx_word' id='word_1_67' title='bbox 1434 968 1512 996; x_wconf 54' lang='lat' dir='ltr'>ne*</span> 
     </span>
     <span class='ocr_line' id='line_1_11' title="bbox 92 1028 1514 1093; baseline -0.001 -17"><span class='ocrx_word' id='word_1_68' title='bbox 92 1046 178 1093; x_wconf 87' lang='lat' dir='ltr'>pos</span> <span class='ocrx_word' id='word_1_69' title='bbox 197 1030 292 1092; x_wconf 87' lang='lat' dir='ltr'>ejus</span> <span class='ocrx_word' id='word_1_70' title='bbox 317 1039 479 1092; x_wconf 90' lang='lat' dir='ltr'>captus</span> <span class='ocrx_word' id='word_1_71' title='bbox 504 1039 589 1075; x_wconf 85' lang='lat' dir='ltr'>est.</span> <span class='ocrx_word' id='word_1_72' title='bbox 617 1028 759 1093; x_wconf 81' lang='lat' dir='ltr'>Angli</span> <span class='ocrx_word' id='word_1_73' title='bbox 787 1045 873 1092; x_wconf 89' lang='lat' dir='ltr'>per</span> <span class='ocrx_word' id='word_1_74' title='bbox 900 1028 1178 1074; x_wconf 84' lang='lat' dir='ltr'>diverticula</span> <span class='ocrx_word' id='word_1_75' title='bbox 1200 1028 1337 1092; x_wconf 87' lang='lat' dir='ltr'>plura</span> <span class='ocrx_word' id='word_1_76' title='bbox 1363 1045 1514 1074; x_wconf 82' lang='lat' dir='ltr'>evase-</span> 
     </span>
     <span class='ocr_line' id='line_1_12' title="bbox 93 1105 1518 1171; baseline -0.001 -18"><span class='ocrx_word' id='word_1_77' title='bbox 93 1116 234 1164; x_wconf 88' lang='lat' dir='ltr'>runt,</span> <span class='ocrx_word' id='word_1_78' title='bbox 266 1107 375 1171; x_wconf 85' lang='lat' dir='ltr'>quia</span> <span class='ocrx_word' id='word_1_79' title='bbox 402 1108 538 1170; x_wconf 87' lang='lat' dir='ltr'>pauci</span> <span class='ocrx_word' id='word_1_80' title='bbox 564 1106 740 1153; x_wconf 87' lang='lat' dir='ltr'>multos</span> <span class='ocrx_word' id='word_1_81' title='bbox 770 1106 955 1171; x_wconf 80' lang='lat' dir='ltr'>insequi</span> <span class='ocrx_word' id='word_1_82' title='bbox 982 1124 1067 1171; x_wconf 87' lang='lat' dir='ltr'>per</span> <span class='ocrx_word' id='word_1_83' title='bbox 1090 1105 1271 1152; x_wconf 80' lang='lat' dir='ltr'>diversa</span> <span class='ocrx_word' id='word_1_84' title='bbox 1296 1106 1518 1153; x_wconf 88' lang='lat' dir='ltr'>Castella-</span> 
     </span>
     <span class='ocr_line' id='line_1_13' title="bbox 95 1184 509 1247; baseline 0 -19"><span class='ocrx_word' id='word_1_85' title='bbox 95 1184 143 1229; x_wconf 88' lang='lat' dir='ltr'>ni</span> <span class='ocrx_word' id='word_1_86' title='bbox 170 1184 509 1247; x_wconf 88' lang='lat' dir='ltr'>nequiverunt.</span> 
     </span>
    </p>

    <p class='ocr_par' dir='ltr' id='par_1_2' title="bbox 98 1259 1521 1558">
     <span class='ocr_line' id='line_1_14' title="bbox 161 1259 1516 1325; baseline 0 -20"><span class='ocrx_word' id='word_1_87' title='bbox 161 1259 270 1306; x_wconf 89' lang='lat' dir='ltr'>Non</span> <span class='ocrx_word' id='word_1_88' title='bbox 295 1260 451 1306; x_wconf 86' lang='lat' dir='ltr'>multo</span> <span class='ocrx_word' id='word_1_89' title='bbox 486 1272 594 1323; x_wconf 88' lang='lat' dir='ltr'>post</span> <span class='ocrx_word' id='word_1_90' title='bbox 616 1261 897 1308; x_wconf 86' lang='lat' dir='ltr'>Eustachius</span> <span class='ocrx_word' id='word_1_91' title='bbox 932 1262 1098 1308; x_wconf 90' lang='lat' dir='ltr'>consul</span> <span class='ocrx_word' id='word_1_92' title='bbox 1122 1261 1384 1308; x_wconf 85' lang='lat' dir='ltr'>Willermo</span> <span class='ocrx_word' id='word_1_93' title='bbox 1421 1262 1516 1325; x_wconf 75' lang='lat' dir='ltr'>regi</span> 
     </span>
     <span class='ocr_line' id='line_1_15' title="bbox 98 1337 1521 1403; baseline -0.001 -20"><span class='ocrx_word' id='word_1_94' title='bbox 98 1337 429 1384; x_wconf 85' lang='lat' dir='ltr'>reconciliatus</span> <span class='ocrx_word' id='word_1_95' title='bbox 475 1349 573 1394; x_wconf 87' lang='lat' dir='ltr'>est,</span> <span class='ocrx_word' id='word_1_96' title='bbox 626 1341 818 1403; x_wconf 87' lang='lat' dir='ltr'>ejusque</span> <span class='ocrx_word' id='word_1_97' title='bbox 861 1339 1066 1385; x_wconf 82' lang='lat' dir='ltr'>amicitia</span> <span class='ocrx_word' id='word_1_98' title='bbox 1113 1339 1259 1403; x_wconf 79' lang='lat' dir='ltr'>longo</span> <span class='ocrx_word' id='word_1_99' title='bbox 1305 1350 1521 1402; x_wconf 82' lang='lat' dir='ltr'>tempore</span> 
     </span>
     <span class='ocr_line' id='line_1_16' title="bbox 98 1415 1521 1479; baseline 0.001 -18"><span class='ocrx_word' id='word_1_100' title='bbox 98 1415 405 1479; x_wconf 87' lang='lat' dir='ltr'>postmodum</span> <span class='ocrx_word' id='word_1_101' title='bbox 437 1416 719 1479; x_wconf 85' lang='lat' dir='ltr'>perfunctus</span> <span class='ocrx_word' id='word_1_102' title='bbox 754 1428 838 1463; x_wconf 88' lang='lat' dir='ltr'>est.</span> <span class='ocrx_word' id='word_1_103' title='bbox 880 1418 997 1463; x_wconf 82' lang='lat' dir='ltr'>Erat</span> <span class='ocrx_word' id='word_1_104' title='bbox 1033 1417 1162 1463; x_wconf 88' lang='lat' dir='ltr'>enim</span> <span class='ocrx_word' id='word_1_105' title='bbox 1203 1416 1327 1463; x_wconf 87' lang='lat' dir='ltr'>idem</span> <span class='ocrx_word' id='word_1_106' title='bbox 1365 1433 1521 1463; x_wconf 83' lang='lat' dir='ltr'>comes</span> 
     </span>
     <span class='ocr_line' id='line_1_17' title="bbox 99 1492 1521 1558; baseline -0.001 -18"><span class='ocrx_word' id='word_1_107' title='bbox 99 1511 280 1558; x_wconf 79' lang='lat' dir='ltr'>magnae</span> <span class='ocrx_word' id='word_1_108' title='bbox 302 1492 601 1540; x_wconf 82' lang='lat' dir='ltr'>nobilitatis:</span> <span class='ocrx_word' id='word_1_109' title='bbox 632 1512 688 1540; x_wconf 89' lang='lat' dir='ltr'>ex</span> <span class='ocrx_word' id='word_1_110' title='bbox 723 1495 939 1558; x_wconf 80' lang='lat' dir='ltr'>prosapia</span> <span class='ocrx_word' id='word_1_111' title='bbox 969 1495 1148 1541; x_wconf 86' lang='lat' dir='ltr'>scilicet</span> <span class='ocrx_word' id='word_1_112' title='bbox 1180 1494 1337 1541; x_wconf 88' lang='lat' dir='ltr'>Caroli</span> <span class='ocrx_word' id='word_1_113' title='bbox 1363 1495 1521 1558; x_wconf 80' lang='lat' dir='ltr'>Magni</span> 
     </span>
    </p>
   </div>
   <div class='ocr_carea' id='block_1_2' title="bbox 100 1570 1523 1636">
    <p class='ocr_par' dir='ltr' id='par_1_3' title="bbox 100 1570 1523 1636">
     <span class='ocr_line' id='line_1_18' title="bbox 100 1570 1523 1636; baseline 0.001 -21"><span class='ocrx_word' id='word_1_114' title='bbox 100 1570 396 1616; x_wconf 72' lang='lat' dir='ltr'>Francorum</span> <span class='ocrx_word' id='word_1_115' title='bbox 435 1570 747 1616; x_wconf 86' lang='lat' dir='ltr'>strenuissimi</span> <span class='ocrx_word' id='word_1_116' title='bbox 790 1572 929 1635; x_wconf 77' lang='lat' dir='ltr'>regis.</span> <span class='ocrx_word' id='word_1_117' title='bbox 968 1572 1085 1617; x_wconf 85' lang='lat' dir='ltr'>Erat</span> <span class='ocrx_word' id='word_1_118' title='bbox 1111 1588 1305 1636; x_wconf 83' lang='lat' dir='ltr'>quoque</span> <span class='ocrx_word' id='word_1_119' title='bbox 1340 1589 1523 1617; x_wconf 54' lang='lat' dir='ltr'>maenae</span> 
     </span>
    </p>
   </div>
   <div class='ocr_carea' id='block_1_3' title="bbox 103 1608 1528 2181">
    <p class='ocr_par' dir='ltr' id='par_1_4' title="bbox 103 1608 1528 2181">
     <span class='ocr_line' id='line_1_19' title="bbox 1417 1608 1444 1635; baseline 0 -15"><span class='ocrx_word' id='word_1_120' title='bbox 1417 1608 1444 1635; x_wconf 49' lang='lat' dir='ltr'>r,</span> 
     </span>
     <span class='ocr_line' id='line_1_20' title="bbox 103 1647 1526 1713; baseline 0.001 -19"><span class='ocrx_word' id='word_1_121' title='bbox 103 1649 347 1711; x_wconf 83' lang='lat' dir='ltr'>potestatis</span> <span class='ocrx_word' id='word_1_122' title='bbox 360 1666 372 1703; x_wconf 89' lang='lat'>;</span> <span class='ocrx_word' id='word_1_123' title='bbox 417 1658 583 1712; x_wconf 78' lang='lat' dir='ltr'>utpote</span> <span class='ocrx_word' id='word_1_124' title='bbox 626 1647 842 1696; x_wconf 86' lang='lat' dir='ltr'>sublimis</span> <span class='ocrx_word' id='word_1_125' title='bbox 879 1649 1100 1713; x_wconf 85' lang='lat' dir='ltr'>princeps</span> <span class='ocrx_word' id='word_1_126' title='bbox 1136 1650 1284 1695; x_wconf 87' lang='lat' dir='ltr'>trium</span> <span class='ocrx_word' id='word_1_127' title='bbox 1322 1650 1526 1697; x_wconf 81' lang='lat' dir='ltr'>comita-</span> 
     </span>
     <span class='ocr_line' id='line_1_21' title="bbox 105 1726 1522 1792; baseline 0.002 -20"><span class='ocrx_word' id='word_1_128' title='bbox 105 1737 241 1772; x_wconf 86' lang='lat' dir='ltr'>tuum</span> <span class='ocrx_word' id='word_1_129' title='bbox 281 1747 290 1771; x_wconf 87' lang='lat'>:</span> <span class='ocrx_word' id='word_1_130' title='bbox 332 1726 650 1783; x_wconf 80' lang='lat' dir='ltr'>Boloniensis,</span> <span class='ocrx_word' id='word_1_131' title='bbox 689 1727 966 1775; x_wconf 77' lang='lat' dir='ltr'>Githnensis</span> <span class='ocrx_word' id='word_1_132' title='bbox 1001 1740 1048 1774; x_wconf 90' lang='lat' dir='ltr'>et</span> <span class='ocrx_word' id='word_1_133' title='bbox 1082 1729 1522 1792; x_wconf 76' lang='lat' dir='ltr'>Tarwanensis(1)‚</span> 
     </span>
     <span class='ocr_line' id='line_1_22' title="bbox 105 1803 1525 1870; baseline 0.003 -20"><span class='ocrx_word' id='word_1_134' title='bbox 105 1803 392 1852; x_wconf 88' lang='lat' dir='ltr'>Generosam</span> <span class='ocrx_word' id='word_1_135' title='bbox 402 1816 449 1852; x_wconf 88' lang='lat' dir='ltr'>et</span> <span class='ocrx_word' id='word_1_136' title='bbox 461 1805 729 1870; x_wconf 80' lang='lat' dir='ltr'>religiosam</span> <span class='ocrx_word' id='word_1_137' title='bbox 746 1808 943 1854; x_wconf 89' lang='lat' dir='ltr'>nomine</span> <span class='ocrx_word' id='word_1_138' title='bbox 957 1808 1100 1853; x_wconf 89' lang='lat' dir='ltr'>Ittam</span> <span class='ocrx_word' id='word_1_139' title='bbox 1119 1806 1286 1853; x_wconf 86' lang='lat' dir='ltr'>habuit</span> <span class='ocrx_word' id='word_1_140' title='bbox 1304 1824 1500 1854; x_wconf 84' lang='lat' dir='ltr'>uxorem</span> <span class='ocrx_word' id='word_1_141' title='bbox 1512 1844 1525 1863; x_wconf 87' lang='grc'>,</span> 
     </span>
     <span class='ocr_line' id='line_1_23' title="bbox 107 1882 1528 1951; baseline 0.003 -23"><span class='ocrx_word' id='word_1_142' title='bbox 107 1882 360 1930; x_wconf 87' lang='lat' dir='ltr'>Godefredi</span> <span class='ocrx_word' id='word_1_143' title='bbox 398 1885 722 1950; x_wconf 79' lang='lat' dir='ltr'>Lotharingiae</span> <span class='ocrx_word' id='word_1_144' title='bbox 759 1886 892 1933; x_wconf 85' lang='lat' dir='ltr'>ducis</span> <span class='ocrx_word' id='word_1_145' title='bbox 925 1904 1166 1943; x_wconf 87' lang='lat' dir='ltr'>sororem;</span> <span class='ocrx_word' id='word_1_146' title='bbox 1202 1905 1310 1951; x_wconf 83' lang='lat' dir='ltr'>quae</span> <span class='ocrx_word' id='word_1_147' title='bbox 1341 1888 1528 1950; x_wconf 84' lang='lat' dir='ltr'>peperit</span> 
     </span>
     <span class='ocr_line' id='line_1_24' title="bbox 111 1959 1528 2009; baseline 0.004 -6"><span class='ocrx_word' id='word_1_148' title='bbox 111 1959 151 2004; x_wconf 88' lang='lat' dir='ltr'>ei</span> <span class='ocrx_word' id='word_1_149' title='bbox 188 1969 281 2005; x_wconf 86' lang='lat' dir='ltr'>tres</span> <span class='ocrx_word' id='word_1_150' title='bbox 317 1959 438 2007; x_wconf 84' lang='lat' dir='ltr'>filios</span> <span class='ocrx_word' id='word_1_151' title='bbox 467 1982 475 2007; x_wconf 92' lang='lat'>:</span> <span class='ocrx_word' id='word_1_152' title='bbox 508 1961 835 2009; x_wconf 80' lang='lat' dir='ltr'>Godefredum</span> <span class='ocrx_word' id='word_1_153' title='bbox 869 1975 916 2009; x_wconf 88' lang='lat' dir='ltr'>et</span> <span class='ocrx_word' id='word_1_154' title='bbox 947 1963 1232 2009; x_wconf 88' lang='lat' dir='ltr'>Balduinum</span> <span class='ocrx_word' id='word_1_155' title='bbox 1273 1980 1325 2009; x_wconf 88' lang='lat' dir='ltr'>ac</span> <span class='ocrx_word' id='word_1_156' title='bbox 1355 1962 1528 2009; x_wconf 87' lang='lat' dir='ltr'>Eusta—</span> 
     </span>
     <span class='ocr_line' id='line_1_25' title="bbox 114 2035 1527 2106; baseline 0.006 -26"><span class='ocrx_word' id='word_1_157' title='bbox 114 2035 272 2082; x_wconf 80' lang='lat' dir='ltr'>chium</span> <span class='ocrx_word' id='word_1_158' title='bbox 288 2073 300 2093; x_wconf 90' lang='lat'>,</span> <span class='ocrx_word' id='word_1_159' title='bbox 327 2048 373 2084; x_wconf 91' lang='lat' dir='ltr'>et</span> <span class='ocrx_word' id='word_1_160' title='bbox 392 2039 536 2085; x_wconf 85' lang='lat' dir='ltr'>filiam</span> <span class='ocrx_word' id='word_1_161' title='bbox 552 2076 564 2097; x_wconf 93' lang='lat'>,</span> <span class='ocrx_word' id='word_1_162' title='bbox 588 2059 695 2105; x_wconf 72' lang='lat' dir='ltr'>quae</span> <span class='ocrx_word' id='word_1_163' title='bbox 721 2043 884 2106; x_wconf 86' lang='lat' dir='ltr'>nupsit</span> <span class='ocrx_word' id='word_1_164' title='bbox 903 2053 1074 2106; x_wconf 82' lang='lat' dir='ltr'>quarto</span> <span class='ocrx_word' id='word_1_165' title='bbox 1098 2042 1307 2088; x_wconf 87' lang='lat' dir='ltr'>Henrico</span> <span class='ocrx_word' id='word_1_166' title='bbox 1329 2042 1527 2106; x_wconf 82' lang='lat' dir='ltr'>impera-</span> 
     </span>
     <span class='ocr_line' id='line_1_26' title="bbox 114 2114 718 2181; baseline 0.01 -24"><span class='ocrx_word' id='word_1_167' title='bbox 114 2114 204 2160; x_wconf 89' lang='lat' dir='ltr'>tori</span> <span class='ocrx_word' id='word_1_168' title='bbox 233 2114 609 2164; x_wconf 85' lang='lat' dir='ltr'>Alemannorum</span> <span class='ocrx_word' id='word_1_169' title='bbox 628 2120 718 2181; x_wconf 83' lang='lat'>(2).</span> 
     </span>
    </p>
   </div>
   <div class='ocr_carea' id='block_1_4' title="bbox 120 2327 1535 2668">
    <p class='ocr_par' dir='ltr' id='par_1_5' title="bbox 120 2327 1535 2668">
     <span class='ocr_line' id='line_1_27' title="bbox 164 2327 1531 2379; baseline 0.004 -20"><span class='ocrx_word' id='word_1_170' title='bbox 164 2328 214 2370; x_wconf 79' lang='grc' dir='ltr'>(ι)</span> <span class='ocrx_word' id='word_1_171' title='bbox 239 2327 437 2373; x_wconf 82' lang='lat' dir='ltr'>Eustache,</span> <span class='ocrx_word' id='word_1_172' title='bbox 469 2332 659 2367; x_wconf 70' lang='lat' dir='ltr'>deuxieme</span> <span class='ocrx_word' id='word_1_173' title='bbox 684 2334 734 2367; x_wconf 89' lang='lat' dir='ltr'>du</span> <span class='ocrx_word' id='word_1_174' title='bbox 761 2345 868 2376; x_wconf 87' lang='lat' dir='ltr'>nom,</span> <span class='ocrx_word' id='word_1_175' title='bbox 890 2341 1010 2367; x_wconf 85' lang='lat' dir='ltr'>comte</span> <span class='ocrx_word' id='word_1_176' title='bbox 1033 2332 1078 2367; x_wconf 89' lang='lat' dir='ltr'>de</span> <span class='ocrx_word' id='word_1_177' title='bbox 1096 2332 1285 2379; x_wconf 83' lang='lat' dir='ltr'>Boulogne</span> <span class='ocrx_word' id='word_1_178' title='bbox 1304 2334 1403 2377; x_wconf 80' lang='lat' dir='ltr'>(vers</span> <span class='ocrx_word' id='word_1_179' title='bbox 1425 2336 1531 2379; x_wconf 72' lang='lat'>1049—</span> 
     </span>
     <span class='ocr_line' id='line_1_28' title="bbox 120 2385 1533 2439; baseline 0.006 -22"><span class='ocrx_word' id='word_1_180' title='bbox 120 2397 197 2419; x_wconf 72' lang='lat' dir='ltr'>vers</span> <span class='ocrx_word' id='word_1_181' title='bbox 235 2385 364 2432; x_wconf 76' lang='lat'>1095),</span> <span class='ocrx_word' id='word_1_182' title='bbox 396 2388 605 2426; x_wconf 79' lang='lat' dir='ltr'>descendait</span> <span class='ocrx_word' id='word_1_183' title='bbox 629 2405 674 2427; x_wconf 91' lang='lat' dir='ltr'>en</span> <span class='ocrx_word' id='word_1_184' title='bbox 697 2392 781 2427; x_wconf 79' lang='lat' dir='ltr'>effct</span> <span class='ocrx_word' id='word_1_185' title='bbox 808 2393 853 2427; x_wconf 88' lang='lat' dir='ltr'>dc</span> <span class='ocrx_word' id='word_1_186' title='bbox 872 2392 1140 2439; x_wconf 69' lang='lat' dir='ltr'>Cliarlemagne</span> <span class='ocrx_word' id='word_1_187' title='bbox 1169 2406 1234 2439; x_wconf 85' lang='lat' dir='ltr'>par</span> <span class='ocrx_word' id='word_1_188' title='bbox 1252 2405 1287 2426; x_wconf 83' lang='lat' dir='ltr'>sa</span> <span class='ocrx_word' id='word_1_189' title='bbox 1306 2393 1422 2434; x_wconf 67' lang='lat' dir='ltr'>incre,</span> <span class='ocrx_word' id='word_1_190' title='bbox 1454 2393 1533 2426; x_wconf 79' lang='lat' dir='ltr'>Ma—</span> 
     </span>
     <span class='ocr_line' id='line_1_29' title="bbox 122 2450 1535 2500; baseline 0.002 -17"><span class='ocrx_word' id='word_1_191' title='bbox 122 2450 220 2485; x_wconf 79' lang='lat' dir='ltr'>haud</span> <span class='ocrx_word' id='word_1_192' title='bbox 240 2450 285 2483; x_wconf 81' lang='lat' dir='ltr'>(le</span> <span class='ocrx_word' id='word_1_193' title='bbox 304 2450 476 2482; x_wconf 79' lang='lat' dir='ltr'>Louvain.</span> <span class='ocrx_word' id='word_1_194' title='bbox 498 2450 598 2485; x_wconf 88' lang='lat' dir='ltr'>Nous</span> <span class='ocrx_word' id='word_1_195' title='bbox 616 2453 760 2486; x_wconf 80' lang='lat' dir='ltr'>n’avons</span> <span class='ocrx_word' id='word_1_196' title='bbox 783 2465 845 2499; x_wconf 82' lang='lat' dir='ltr'>pas</span> <span class='ocrx_word' id='word_1_197' title='bbox 866 2455 1123 2488; x_wconf 82' lang='lat' dir='ltr'>connaissance</span> <span class='ocrx_word' id='word_1_198' title='bbox 1136 2453 1225 2500; x_wconf 83' lang='lat' dir='ltr'>qu&#39;il</span> <span class='ocrx_word' id='word_1_199' title='bbox 1236 2466 1259 2499; x_wconf 76' lang='lat' dir='ltr'>y</span> <span class='ocrx_word' id='word_1_200' title='bbox 1278 2452 1470 2497; x_wconf 82' lang='lat' dir='ltr'>aitjamais</span> <span class='ocrx_word' id='word_1_201' title='bbox 1488 2465 1535 2487; x_wconf 86' lang='lat' dir='ltr'>eu</span> 
     </span>
     <span class='ocr_line' id='line_1_30' title="bbox 122 2507 1534 2558; baseline 0.001 -15"><span class='ocrx_word' id='word_1_202' title='bbox 122 2510 186 2544; x_wconf 82' lang='lat' dir='ltr'>(les</span> <span class='ocrx_word' id='word_1_203' title='bbox 202 2516 339 2544; x_wconf 85' lang='lat' dir='ltr'>comtes</span> <span class='ocrx_word' id='word_1_204' title='bbox 356 2507 401 2542; x_wconf 86' lang='lat' dir='ltr'>de</span> <span class='ocrx_word' id='word_1_205' title='bbox 421 2509 657 2553; x_wconf 70' lang='lat' dir='ltr'>Terouanne3</span> <span class='ocrx_word' id='word_1_206' title='bbox 683 2519 797 2558; x_wconf 81' lang='lat' dir='ltr'>quant</span> <span class='ocrx_word' id='word_1_207' title='bbox 815 2524 859 2545; x_wconf 87' lang='lat' dir='ltr'>au</span> <span class='ocrx_word' id='word_1_208' title='bbox 879 2514 999 2546; x_wconf 75' lang='lat' dir='ltr'>comto</span> <span class='ocrx_word' id='word_1_209' title='bbox 1019 2512 1064 2546; x_wconf 82' lang='lat' dir='ltr'>de</span> <span class='ocrx_word' id='word_1_210' title='bbox 1083 2512 1238 2553; x_wconf 79' lang='lat' dir='ltr'>Guiucs,</span> <span class='ocrx_word' id='word_1_211' title='bbox 1263 2511 1285 2545; x_wconf 85' lang='lat' dir='ltr'>il</span> <span class='ocrx_word' id='word_1_212' title='bbox 1307 2512 1534 2557; x_wconf 76' lang='lat' dir='ltr'>appartenait</span> 
     </span>
     <span class='ocr_line' id='line_1_31' title="bbox 122 2564 1534 2613; baseline 0.001 -13"><span class='ocrx_word' id='word_1_213' title='bbox 122 2569 140 2600; x_wconf 71' lang='grc' dir='ltr'>ἐι</span> <span class='ocrx_word' id='word_1_214' title='bbox 159 2565 349 2600; x_wconf 85' lang='lat' dir='ltr'>Baudouin</span> <span class='ocrx_word' id='word_1_215' title='bbox 370 2564 424 2606; x_wconf 56' lang='lat'>1⁰,</span> <span class='ocrx_word' id='word_1_216' title='bbox 447 2571 565 2599; x_wconf 81' lang='lat' dir='ltr'>comte</span> <span class='ocrx_word' id='word_1_217' title='bbox 587 2565 774 2600; x_wconf 76' lang='lat' dir='ltr'>d’Ardres.</span> <span class='ocrx_word' id='word_1_218' title='bbox 795 2567 974 2601; x_wconf 73' lang='lat' dir='ltr'>Eustache</span> <span class='ocrx_word' id='word_1_219' title='bbox 994 2568 1087 2601; x_wconf 74' lang='lat' dir='ltr'>avait</span> <span class='ocrx_word' id='word_1_220' title='bbox 1105 2569 1239 2613; x_wconf 76' lang='lat' dir='ltr'>cpouse</span> <span class='ocrx_word' id='word_1_221' title='bbox 1263 2579 1309 2601; x_wconf 86' lang='lat' dir='ltr'>en</span> <span class='ocrx_word' id='word_1_222' title='bbox 1337 2568 1534 2613; x_wconf 71' lang='lat' dir='ltr'>premieres</span> 
     </span>
     <span class='ocr_line' id='line_1_32' title="bbox 122 2619 1277 2668; baseline -0.001 -7"><span class='ocrx_word' id='word_1_223' title='bbox 122 2639 246 2668; x_wconf 77' lang='lat' dir='ltr'>noces,</span> <span class='ocrx_word' id='word_1_224' title='bbox 266 2637 346 2660; x_wconf 79' lang='lat' dir='ltr'>vers</span> <span class='ocrx_word' id='word_1_225' title='bbox 371 2623 455 2658; x_wconf 74' lang='lat'>1050</span> <span class='ocrx_word' id='word_1_226' title='bbox 471 2653 478 2665; x_wconf 89' lang='lat'>,</span> <span class='ocrx_word' id='word_1_227' title='bbox 500 2625 606 2660; x_wconf 75' lang='lat' dir='ltr'>Goda</span> <span class='ocrx_word' id='word_1_228' title='bbox 620 2654 628 2667; x_wconf 83' lang='lat'>‚</span> <span class='ocrx_word' id='word_1_229' title='bbox 646 2638 742 2660; x_wconf 75' lang='lat' dir='ltr'>soeur</span> <span class='ocrx_word' id='word_1_230' title='bbox 760 2619 1277 2662; x_wconf 70' lang='lat' dir='ltr'>‹PEdouard-le-Consesseur.</span> 
     </span>
    </p>
   </div>
   <div class='ocr_carea' id='block_1_5' title="bbox 169 2697 1535 2743">
    <p class='ocr_par' dir='ltr' id='par_1_6' title="bbox 169 2697 1535 2743">
     <span class='ocr_line' id='line_1_33' title="bbox 169 2697 1535 2743; baseline 0.001 -12"><span class='ocrx_word' id='word_1_231' title='bbox 169 2700 218 2743; x_wconf 73' lang='lat'>(2)</span> <span class='ocrx_word' id='word_1_232' title='bbox 249 2698 308 2731; x_wconf 71' lang='lat' dir='ltr'>{dc</span> <span class='ocrx_word' id='word_1_233' title='bbox 324 2697 546 2737; x_wconf 65' lang='grc' dir='ltr'>(ΓΑΓιΙιῑιῑιιῡ,</span> <span class='ocrx_word' id='word_1_234' title='bbox 566 2697 635 2731; x_wconf 78' lang='lat' dir='ltr'>fille</span> <span class='ocrx_word' id='word_1_235' title='bbox 656 2698 701 2731; x_wconf 75' lang='lat' dir='ltr'>do</span> <span class='ocrx_word' id='word_1_236' title='bbox 715 2698 1102 2740; x_wconf 76' lang='lat' dir='ltr'>Godcfroi-le-Barlm,</span> <span class='ocrx_word' id='word_1_237' title='bbox 1124 2698 1195 2732; x_wconf 84' lang='lat' dir='ltr'>duc</span> <span class='ocrx_word' id='word_1_238' title='bbox 1212 2698 1256 2731; x_wconf 86' lang='lat' dir='ltr'>‹lc</span> <span class='ocrx_word' id='word_1_239' title='bbox 1275 2698 1307 2733; x_wconf 79' lang='lat' dir='ltr'>la</span> <span class='ocrx_word' id='word_1_240' title='bbox 1326 2699 1535 2734; x_wconf 73' lang='lat' dir='ltr'>Basse-Lor—</span> 
     </span>
    </p>
   </div>
   <div class='ocr_carea' id='block_1_6' title="bbox 128 2757 1538 2805">
    <p class='ocr_par' dir='ltr' id='par_1_7' title="bbox 128 2757 1538 2805">
     <span class='ocr_line' id='line_1_34' title="bbox 128 2757 1538 2805; baseline 0.001 -16"><span class='ocrx_word' id='word_1_241' title='bbox 128 2758 241 2797; x_wconf 67' lang='lat' dir='ltr'>rame,</span> <span class='ocrx_word' id='word_1_242' title='bbox 272 2758 405 2790; x_wconf 61' lang='lat' dir='ltr'>nnn-inv</span> <span class='ocrx_word' id='word_1_243' title='bbox 434 2760 448 2789; x_wconf 70' lang='lat' dir='ltr'>ii</span> <span class='ocrx_word' id='word_1_244' title='bbox 478 2757 653 2789; x_wconf 47' lang='lat' dir='ltr'>blus-fache</span> <span class='ocrx_word' id='word_1_245' title='bbox 683 2758 709 2790; x_wconf 86' lang='lat' dir='ltr'>ll</span> <span class='ocrx_word' id='word_1_246' title='bbox 737 2770 780 2791; x_wconf 71' lang='lat' dir='ltr'>cn</span> <span class='ocrx_word' id='word_1_247' title='bbox 802 2757 996 2792; x_wconf 64' lang='lat' dir='ltr'>decembre</span> <span class='ocrx_word' id='word_1_248' title='bbox 1026 2757 1124 2805; x_wconf 73' lang='lat'>1057,</span> <span class='ocrx_word' id='word_1_249' title='bbox 1156 2765 1273 2792; x_wconf 79' lang='lat' dir='ltr'>morte</span> <span class='ocrx_word' id='word_1_250' title='bbox 1293 2770 1336 2792; x_wconf 83' lang='lat' dir='ltr'>cn</span> <span class='ocrx_word' id='word_1_251' title='bbox 1358 2758 1474 2793; x_wconf 68' lang='lat' dir='ltr'>oilciir</span> <span class='ocrx_word' id='word_1_252' title='bbox 1494 2759 1538 2791; x_wconf 59' lang='lat' dir='ltr'>d«,</span> 
     </span>
    </p>
   </div>
  </div>
 </body>
</html>
