1951 3194
177 229 301 276 [cm-A
326 224 576 274 1050-1063]
677 221 830 260 LIBER
858 220 1091 259 TERTIUS.
1532 222 1584 259 93

179 305 347 361 filiam,
372 314 564 367 neptem
587 302 762 348 scilicet
796 320 851 348 ex
888 319 1050 349 sorore
1078 299 1270 347 Henrici
1294 299 1415 362 regis
1438 300 1586 345 Fran-

179 398 342 427 corum
367 380 467 443 (ι),
489 380 737 443 conjugem
758 379 960 442 accepit;
989 395 1043 423 ex
1068 394 1157 441 qua
1179 375 1318 422 dante
1341 376 1442 422 Deo
1464 375 1586 422 filios

180 469 227 504 et
262 458 378 503 filias
413 455 577 502 habuit
611 477 621 501 ε
656 454 941 501 Rotbertum
975 452 1191 500 videlicet
1227 463 1272 499 et
1302 452 1584 509 Ricardum,

179 536 488 581 VVillermum
514 546 560 581 et
588 533 872 588 Henricum,
901 531 1138 578 Adelizam
1164 541 1211 578 et
1233 532 1586 588 Constantiam,

181 612 400 657 Ceciliam
436 622 482 657 et
518 610 710 655 Adalam
738 609 824 671 (2).
860 609 927 654 De
961 609 1031 653 his
1070 609 1311 671 ingentem
1345 607 1588 653 historiam

180 689 357 736 dicaces
383 686 746 750 historiographi
774 696 928 731 texere
954 696 1170 748 possunt,
1206 686 1240 731 si
1274 687 1374 732 otio
1403 696 1591 733 remoto

181 767 429 830 studioque
461 765 652 811 admoto
683 764 836 809 varios
871 762 1129 807 illustrium
1164 773 1357 808 eventus
1392 764 1592 825 posteris

183 842 480 906 promulgare
519 849 751 904 satagunt.
793 839 891 884 Nos
927 849 1110 894 autem,
1146 839 1254 902 quia
1290 838 1593 885 saecularibus

183 919 325 964 curiis
351 936 447 964 non
476 918 760 971 insistimus,
789 915 867 963 sed
899 917 947 961 in
977 915 1188 961 claustris
1212 917 1486 962 monasterii
1518 916 1593 963 de-

182 1006 341 1061 gentes
373 994 644 1041 monasticis
679 993 818 1040 rebus
851 992 1196 1051 incumbimus,
1231 1011 1279 1040 ea
1317 1011 1422 1057 quae
1454 992 1594 1040 nobis

184 1082 460 1136 competunt
492 1070 703 1118 breviter
734 1069 1040 1127 adnotantes,
1071 1069 1128 1115 ad
1165 1069 1425 1134 incoeptam
1452 1080 1596 1117 mate-

182 1151 300 1196 riam
324 1149 583 1196 redeamus.

248 1225 379 1272 Bello
408 1224 696 1271 Normannis
729 1234 895 1270 contra
920 1223 1102 1270 vicinos
1130 1224 1348 1271 Britones
1376 1235 1422 1271 et
1447 1225 1597 1272 Ceno-

185 1319 464 1348 mannenses
488 1301 781 1366 insurgente,
803 1301 1085 1347 VVillermus
1104 1301 1198 1347 dux
1223 1302 1423 1348 consilio
1445 1302 1597 1348 senio-

186 1399 294 1426 rum
318 1380 481 1425 statuit
509 1380 634 1425 inter
659 1379 931 1425 dissidentes
956 1396 1173 1442 proceres
1199 1396 1307 1425 suos
1330 1396 1493 1442 pacem
1520 1379 1598 1425 fir-

186 1475 313 1504 mare
352 1468 397 1503 et
432 1457 587 1503 exules
628 1473 849 1502 revocare
884 1456 972 1518 (5).
1016 1457 1165 1519 Igitur
1201 1456 1451 1518 optimates
1489 1473 1598 1504 suos

188 1534 443 1582 Rodulfum
467 1534 523 1581 de
543 1534 720 1580 Toenia
742 1544 788 1580 et
810 1534 1059 1597 Hugonem
1078 1533 1133 1580 de
1156 1532 1594 1590 Grentemaisnilio,

188 1629 305 1677 quos
326 1630 463 1676 supra
482 1611 686 1657 diximus
705 1629 812 1658 eum
831 1610 1210 1669 exhaereditasse,
1234 1622 1279 1659 et
1298 1623 1428 1658 extra
1446 1611 1600 1659 solum

188 1706 295 1736 eum
315 1690 407 1735 suis
426 1688 702 1735 satellitibus
723 1688 925 1752 fugasse,
947 1688 1372 1753 supplicationibus
1392 1690 1599 1737 Simonis

187 1766 243 1813 de
277 1766 559 1813 Monteforti
592 1766 662 1829 (4)
702 1776 749 1812 et
784 1764 1062 1812 Waleranni
1102 1766 1159 1812 de
1188 1766 1394 1812 Britolio
1438 1766 1601 1812 Belva-

189 1843 313 1889 censi
337 1842 408 1905 (5)
425 1878 436 1897 ,
463 1843 759 1906 aliorumque
783 1852 1036 1906 potentum
1060 1843 1322 1889 amicorum
1347 1853 1393 1889 et
1422 1844 1602 1890 vicino-

189 1937 297 1964 rum
329 1919 552 1965 delinitus
579 1920 816 1966 revocavit
833 1955 845 1974 ,
872 1920 1029 1984 eisque
1059 1930 1274 1983 paternas
1305 1920 1601 1967 haereditates

189 1996 413 2043 restituit.
454 1997 688 2042 Ernaldus
719 2013 910 2061 quoque
944 2007 1052 2061 post
1088 1997 1368 2044 triennalem
1402 2015 1600 2044 werram

190 2074 358 2121 trevias
390 2092 414 2120 a
446 2074 564 2121 duce
599 2075 802 2138 accepit,
839 2085 886 2121 et
923 2075 972 2121 in
1005 2075 1225 2139 Apuliam
1257 2074 1313 2121 ad
1347 2076 1521 2122 amicos
1554 2086 1602 2122 et

237 2238 287 2282 (ι)
306 2236 479 2271 Adela‘ide
496 2236 540 2271 de
558 2237 713 2280 France,
731 2236 802 2270 fille
819 2236 869 2270 dn
889 2238 942 2270 roi
960 2236 1114 2271 Robert.

237 2297 286 2340 (2)
307 2296 420 2330 Noti-e
435 2303 563 2330 auteur
579 2296 700 2330 oublie
724 2297 769 2330 ici
793 2296 956 2343 Agathe,
981 2295 1109 2330 l'ainee
1130 2295 1192 2329 des
1212 2294 1299 2329 filies
1321 2294 1366 2328 de
1384 2293 1597 2329 Guillaume

194 2359 230 2386 et
258 2352 303 2386 de
336 2353 529 2397 Mathilde,
563 2353 654 2388 dont
681 2354 860 2388 l⁷l1istoire
885 2360 937 2387 est
957 2354 986 2388 si
1018 2353 1235 2395 touchante,
1254 2359 1291 2387 et
1307 2352 1369 2399 qui
1390 2352 1446 2385 sut
1466 2351 1599 2384 {iancee

195 2412 493 2446 successivement
505 2415 524 2446 a
539 2413 678 2447 Harold
691 2420 728 2448 et
738 2415 757 2447 a
772 2414 970 2460 Alphonse,
985 2413 1039 2447 roi
1051 2412 1095 2447 de
1115 2413 1223 2447 Leon.
1240 2412 1284 2447 sa
1304 2423 1400 2445 soeur
1413 2410 1534 2445 Cecile
1547 2417 1601 2444 est

195 2471 367 2519 indiquee
389 2483 527 2505 comme
544 2472 670 2508 l’ainee
687 2473 776 2508 dans
792 2473 825 2508 la
845 2474 966 2508 Gallia
985 2473 1211 2515 Christiana,
1228 2472 1317 2506 mais
1337 2482 1428 2505 nous
1446 2481 1602 2517 pensons

194 2544 266 2579 que
279 2531 364 2566 c'est
382 2543 454 2565 une
473 2542 612 2566 erreur.

243 2589 294 2635 (3)
307 2590 358 2625 Ce
377 2589 501 2636 rappel
515 2589 578 2624 des
593 2589 702 2624 exiles
719 2590 788 2624 dut
804 2591 902 2624 avoir
914 2590 987 2625 lieu
1006 2603 1051 2625 en
1077 2588 1174 2625 1065-

243 2650 295 2694 (4)
314 2648 686 2684 Montsort-I’Amauri
699 2677 707 2692 ,
725 2650 806 2695 pres
826 2650 975 2683 Mantes.

246 2709 295 2754 (5)
313 2709 470 2746 Bretenil
489 2722 534 2744 en
554 2709 771 2744 Beauvoisis.
