1951 3194
123 266 231 312 [ANTE
256 260 374 309 1050]
605 255 758 295 LIBER
789 253 1024 293 TERTIUS.
1479 258 1527 293 15

120 337 536 387 Grentemaisnilio
568 347 614 382 et
638 334 898 382 Rotbertus
920 332 1226 380 vehementer
1253 334 1523 396 provocati,

119 418 412 465 devoverunt
427 425 474 462 et
493 415 579 479 ipsi
598 432 653 461 ex
666 411 1056 478 possessionibus,
1078 428 1192 476 quas
1204 412 1312 474 jure
1333 409 1529 457 haeredi-

121 495 240 541 tario
257 492 577 558 possidebant,
603 509 691 555 pro
716 490 863 536 salute
885 507 983 546 sua,
1012 499 1059 536 et
1081 506 1171 553 pro
1191 488 1338 536 salute
1353 489 1529 534 anima-

117 589 227 618 rum
249 583 601 618 antecessorum
625 584 823 615 suorum
847 567 1129 614 coenobium
1153 577 1447 614 construere.

183 649 241 694 II.
255 648 405 713 Igitur
417 663 524 692 eum
534 643 659 708 apud
669 643 959 690 Nuceretum
972 644 1045 707 (1)
1062 644 1224 689 villam
1238 661 1369 689 suam
1380 660 1530 708 prope

119 723 587 774 Grentemaisnilium
626 721 860 768 aedificare
901 720 1182 767 coenobium
1225 722 1497 768 statuissent
1512 757 1526 778 ,

113 807 207 869 jam
225 806 416 868 jamque
446 799 578 864 operi
604 799 876 845 insisterent
892 833 906 855 ‚
933 797 991 844 ad
1016 815 1150 844 aures
1174 798 1418 844 Willermi
1443 797 1528 844 filii

118 880 277 928 Geroii
310 877 530 925 avunculi
563 876 633 922 sui
662 876 881 939 pervenit
911 875 1041 941 quod
1068 886 1264 940 nepotes
1296 875 1366 922 sui
1391 877 1530 941 Hugo

118 969 165 1006 et
192 956 450 1005 Rotbertus
475 954 706 1001 aedificare
730 952 1009 1000 coenobium
1035 954 1308 1017 coepissent.
1339 955 1427 999 Hic
1449 955 1531 1000 ni-

117 1037 294 1083 mirum
327 1035 376 1080 in
406 1033 579 1080 saeculo
616 1032 750 1078 miles
785 1031 940 1078 fuerat
974 1048 1158 1095 magnae
1196 1030 1527 1088 sublimitatis,

118 1114 332 1162 hostibus
362 1111 586 1160 terribilis
623 1122 669 1158 et
699 1110 860 1156 amieis
893 1109 1060 1156 fidelis.
1101 1110 1248 1157 Filios
1285 1121 1331 1156 et
1359 1109 1529 1156 fratres

116 1193 386 1257 multosque
403 1202 598 1255 nepotes
614 1191 662 1236 in
681 1190 822 1235 armis
842 1199 1061 1252 potentes
1083 1186 1248 1234 habuit
1261 1224 1274 1244 ,
1296 1187 1530 1235 hostibus-

117 1287 210 1334 que
232 1269 399 1314 vicinis
418 1285 498 1314 seu
518 1267 656 1331 longe
674 1266 839 1329 positis
862 1265 995 1311 valde
1018 1265 1215 1312 feroces.
1242 1266 1382 1310 Hunc
1401 1265 1532 1311 Wil-

117 1348 291 1395 lermus
318 1355 637 1411 cognomento
662 1344 934 1390 Talavacius
954 1343 1197 1389 Willermi
1222 1343 1529 1390 Belesmensis

120 1425 241 1472 filius
269 1425 327 1471 ad
353 1424 541 1488 nuptias
569 1441 670 1468 suas
704 1423 948 1478 invitavit,
984 1439 1187 1486 eumque
1218 1421 1287 1467 nil
1315 1421 1423 1467 mali
1452 1439 1531 1467 su·-

118 1505 376 1567 spicantem
416 1503 515 1549 sine
551 1513 684 1548 reatu
723 1501 871 1547 oculis
909 1500 1137 1563 privavit,
1181 1500 1531 1564 amputatisque

117 1579 398 1645 genitalibus
421 1579 700 1643 auriumque
721 1576 1071 1623 summitatibus
1092 1576 1348 1623 crudeliter
1366 1576 1532 1623 detur-

118 1658 261 1722 pavit.
288 1656 425 1703 Unde
448 1673 537 1720 pro
562 1667 695 1703 tanto
719 1655 930 1702 facinore
954 1671 1148 1719 perosus
1173 1655 1356 1701 eunctis
1378 1654 1530 1701 factus

119 1746 210 1793 est,
239 1746 285 1782 et
305 1745 412 1799 post
438 1735 621 1799 aliquot
645 1735 872 1798 temporis
895 1752 918 1779 a
939 1733 1039 1780 filio
1064 1733 1205 1779 etiam
1225 1750 1307 1780 suo
1333 1734 1531 1780 nomine

119 1812 323 1860 Arnulfo
349 1812 405 1858 de
430 1822 533 1859 toto
560 1810 743 1858 honore
768 1828 852 1857 suo
877 1813 1050 1874 ejectus
1074 1820 1159 1857 est.

124 1982 228 2026 1060,
248 1990 286 2017 et
301 1983 394 2017 celui
415 1983 461 2017 de
478 1984 560 2017 Lire
575 1982 637 2017 des
658 1982 757 2024 1046.
781 1982 828 2016 La
846 1982 971 2016 charte
988 1982 1033 2017 de
1050 1982 1241 2017 fondation
1260 1983 1305 2017 de
1324 1997 1363 2019 ce
1383 1984 1531 2020 dernier

119 2043 230 2078 existe
243 2055 374 2078 encore
393 2056 438 2078 en
455 2043 611 2090 original
628 2043 717 2077 dans
735 2042 786 2077 les
804 2042 967 2076 archives
982 2042 1027 2077 de
1044 2042 1179 2077 l’Eure.

165 2103 215 2148 (1)
230 2102 478 2148 Aujourd⁷hui
496 2103 642 2145 'Nol-rei,
662 2109 765 2137 entre
783 2101 1066 2137 Grand-Mesnil
1083 2109 1119 2136 et
1133 2102 1282 2136 Falaise.
1300 2102 1402 2137 Nous
1422 2115 1530 2138 avons

118 2175 164 2196 vu
177 2162 357 2197 ci-dessus
371 2164 420 2208 (t.
441 2176 463 2207 1,
483 2176 518 2210 p.
539 2164 616 2209 181)
631 2176 702 2211 que
716 2162 857 2197 Rohert
871 2163 913 2197 I‘r
927 2162 972 2197 de
989 2163 1263 2198 Grentemesnil
1276 2191 1284 2207 a
1303 2165 1388 2210 pere
1407 2164 1452 2198 de
1472 2176 1529 2198 ces

119 2221 213 2256 deux
230 2222 428 2268 seignems,
444 2223 536 2257 avait
548 2223 664 2269 perdu
678 2222 711 2256 la
726 2223 781 2257 vie
799 2222 888 2257 dans
906 2222 938 2257 le
953 2223 1072 2257 meme
1090 2223 1235 2258 combat
1247 2236 1318 2271 que
1335 2223 1460 2271 Roger
1471 2225 1525 2268 I‘s,

119 2280 164 2315 de
181 2282 297 2316 Toeni
309 2310 317 2325 ‚
338 2281 533 2317 fondateur
550 2282 595 2316 de
611 2282 772 2327 l’abbaye
789 2281 833 2316 de
851 2282 1031 2317 Conches.
1053 2282 1149 2317 C’est
1168 2285 1186 2316 a
1200 2282 1233 2317 la
1252 2295 1341 2317 noce
1356 2283 1401 2317 de
1418 2284 1529 2319 Guil-

120 2338 238 2374 laume
250 2339 377 2375 Talvas
391 2352 472 2374 avec
488 2340 730 2387 Hildebmge,
751 2353 787 2375 sa
801 2340 992 2375 deuxi'eme
1006 2341 1151 2384 semme,
1169 2341 1241 2375 fille
1259 2341 1304 2375 <le
1319 2341 1436 2375 Raoul
1450 2370 1457 2384 ,
1473 2343 1526 2375 vi*

121 2405 239 2433 comte
256 2399 301 2434 de
319 2401 531 2443 Beaumont‚
552 2400 678 2448 qu’eut
690 2401 763 2435 lieu
780 2400 813 2435 le
829 2407 1040 2448 guet-apens
1060 2400 1151 2435 dont
1170 2401 1382 2436 Guillaume
1398 2401 1527 2436 Giroie

124 2457 181 2492 fut
205 2458 362 2493 victime.
393 2459 425 2493 Il
451 2460 537 2494 etait
560 2459 689 2494 l’oncle
709 2460 898 2506 d⁷Hugues
924 2466 960 2494 et
979 2459 1024 2494 de
1043 2459 1184 2494 Robert
1207 2472 1348 2494 comme
1365 2460 1461 2494 frere
1483 2460 1528 2493 de

119 2517 199 2551 leur
212 2518 324 2561 mere,
338 2518 494 2553 Hadvise
505 2520 645 2554 Giroie.
660 2520 689 2554 11
702 2519 818 2567 parait
832 2531 903 2566 que
919 2519 951 2553 le
966 2520 1103 2553 terrain
1123 2520 1273 2564 contigu
1287 2520 1306 2552 a
1318 2518 1453 2564 l’eglise
1471 2519 1528 2553 fut

118 2575 289 2610 l’endroit
310 2578 358 2610 ou
388 2577 460 2611 l'on
483 2589 603 2624 essaya
634 2578 679 2613 de
706 2578 834 2613 sonder
865 2591 913 2612 un
930 2579 1145 2613 monastere.
1165 2598 1211 2603 —-
1226 2579 1274 2611 Le
1293 2577 1445 2611 chateau
1465 2577 1529 2611 des

121 2636 307 2682 seigneurs
318 2635 363 2670 de
374 2637 644 2671 Grentemesnil
661 2639 786 2672 n⁷etait
798 2651 859 2684 pas
875 2638 969 2672 sitne
987 2650 1048 2672 sur
1064 2638 1096 2671 la
1110 2649 1305 2671 commune
1320 2636 1365 2671 de
1376 2637 1525 2671 Grand—

121 2694 267 2737 Mesnil,
291 2695 381 2728 mais
401 2707 461 2728 sur
486 2695 574 2730 celle
593 2696 637 2729 de
656 2696 801 2730 Nol-rei.
825 2696 886 2730 On
914 2709 959 2729 en
988 2697 1062 2730 voit
1083 2708 1214 2730 encore
1238 2696 1527 2741 l'emplacement

121 2751 209 2786 dans
224 2753 256 2786 le
274 2753 345 2787 lieu
366 2754 597 2799 aujourd'liui
618 2754 743 2800 appele
762 2754 791 2788 la
811 2754 985 2788 har-onnic
