1951 3194
301 297 354 336 54
670 299 915 337 HISTORIA
946 299 1353 339 ECCLESIASTICA.
1449 304 1723 354 [1030-1038]

301 376 558 441 aliquantis
583 376 749 424 diebus
777 395 908 423 causa
941 376 1250 424 humanitatis
1277 378 1334 424 ad
1358 379 1726 427 refocillandum

300 454 518 501 retinuit.
544 455 682 500 Tunc
706 455 877 519 viginti
902 454 1050 501 millia
1071 456 1442 504 Sarracenorum
1461 458 1625 505 Italico
1645 458 1722 504 lit-

301 531 395 578 tori
435 531 794 595 applicuerunt,
833 541 880 578 et
914 549 939 577 a
975 531 1156 578 civibus
1193 533 1529 580 Psalernitanis
1565 533 1726 581 tribu-

299 617 401 652 tum
424 624 534 653 cum
554 607 750 653 summis
770 608 1226 656 comminationibus
1247 610 1432 674 exigere
1452 620 1721 674 coeperunt.

298 687 428 731 Duce
462 696 622 733 autem
660 703 769 732 cum
804 687 1086 734 satellitibus
1121 689 1214 734 suis
1253 688 1451 752 vectigal
1487 707 1509 735 a
1545 687 1726 734 civibus

301 760 585 826 colligente,
610 762 668 809 de
698 762 838 810 classe
863 765 1032 828 egressi
1059 774 1198 822 sunt,
1230 774 1276 812 et
1306 765 1355 810 in
1389 763 1589 811 herbosa
1622 764 1728 829 pla-

298 839 443 896 nitie,
466 857 575 904 quae
600 840 727 887 inter
750 840 921 889 urbem
942 853 988 889 et
1010 860 1140 889 mare
1164 843 1250 888 sita
1272 854 1364 899 est,
1391 842 1447 889 ad
1471 842 1728 907 prandium

301 934 409 962 cum
438 919 621 983 ingenti
647 920 898 967 securitate
922 932 968 967 et
990 921 1164 986 gaudio
1189 920 1486 968 resederunt.
1511 921 1728 984 Cumque

298 995 568 1041 Normanni
595 995 685 1043 hoc
705 999 1074 1061 comperissent,
1100 999 1367 1063 ducemque
1387 1016 1475 1062 pro
1495 997 1728 1045 leniendis

299 1071 514 1119 barbaris
546 1075 795 1136 pecuniam
823 1075 1046 1140 colligere
1067 1075 1322 1133 vidissent,
1345 1076 1525 1140 Apulos
1551 1076 1729 1122 amica—

298 1147 462 1195 hiliter
495 1150 867 1214 increpaverunt
907 1153 1037 1217 quod
1067 1154 1266 1216 pecunia
1299 1171 1395 1200 sese
1431 1165 1487 1199 ut
1525 1154 1728 1200 inermes

298 1227 453 1273 viduae
478 1227 794 1286 redimerent,
828 1247 930 1277 non
964 1240 1018 1275 ut
1043 1231 1132 1275 viri
1167 1230 1317 1279 fortes
1351 1248 1596 1277 armorum
1626 1232 1728 1276 vir-

301 1313 404 1349 tute
440 1303 769 1352 defenderent.
815 1306 996 1353 Deinde
1036 1325 1165 1353 arma
1202 1317 1538 1372 sumpserunt,
1587 1306 1729 1355 Afros

301 1399 463 1428 secure
496 1383 696 1448 vectigal
727 1396 1028 1449 expectantes
1053 1395 1250 1450 repente
1276 1387 1573 1443 invaserunt,
1601 1385 1730 1431 mul-

303 1459 458 1524 tisque
481 1459 695 1507 millibus
727 1462 840 1508 susis
872 1463 1082 1528 reliquos
1109 1480 1219 1508 cum
1248 1462 1477 1509 dedecore
1506 1462 1563 1508 ad
1590 1480 1729 1509 naves

301 1539 526 1603 aufugere
550 1541 907 1605 compulerunt.
933 1542 1202 1590 Normanni
1229 1543 1388 1608 itaque
1411 1543 1563 1589 aureis
1584 1553 1631 1589 et
1655 1560 1728 1588 ar-

301 1618 481 1682 genteis
504 1619 645 1675 vasis,
673 1619 869 1685 aliisque
888 1621 1050 1685 spoliis
1073 1621 1235 1667 multis
1260 1631 1307 1667 et
1326 1621 1546 1684 pretiosis
1567 1621 1728 1667 onusti

302 1694 576 1753 redierunt,
611 1697 917 1763 multumque
942 1717 966 1745 a
991 1699 1137 1755 duce,
1170 1709 1224 1744 ut
1254 1698 1432 1745 ibidem
1462 1697 1729 1746 honorifice

302 1784 629 1831 remanerent,
669 1776 821 1839 rogati
856 1786 994 1834 sunt3
1025 1776 1104 1823 sed
1132 1777 1241 1842 quia
1266 1776 1499 1823 revisendi
1525 1776 1728 1840 patriam

302 1849 459 1914 cupidi
482 1862 642 1907 crant,
665 1852 973 1916 poscentibus
995 1871 1095 1901 non
1115 1853 1478 1919 adquieverunt.
1502 1853 1727 1899 Attamen

303 1928 630 1989 promiserunt
649 1930 689 1976 ei
709 1931 841 1994 quod
862 1931 947 1995 ipsi
968 1931 1025 1978 ad
1047 1949 1156 1978 eum
1176 1932 1390 1979 redirent
1403 1967 1414 1987 ,
1436 1942 1518 1976 aut
1536 1930 1594 1977 de
1612 1930 1732 1977 elec-

304 2007 362 2051 tis
393 2006 652 2070 juvenibus
685 2009 997 2056 Normanniae
1030 2011 1216 2075 aliquos
1250 2011 1290 2058 ei
1328 2011 1424 2057 cito
1457 2010 1726 2056 mitterent.

300 2082 559 2147 Postquam
590 2102 704 2131 vero
739 2086 894 2133 natale
925 2087 1080 2133 solum
1113 2088 1400 2153 attigerunt,
1437 2086 1586 2132 multa
1620 2102 1727 2149 quae

301 2159 521 2206 viderant
551 2171 597 2207 et
621 2162 882 2220 audierant,
908 2164 981 2211 vel
1004 2164 1239 2221 fecerant,
1267 2183 1347 2211 seu
1370 2164 1486 2228 passi
1514 2162 1723 2218 fuerant,

302 2237 633 2301 compatriotis
667 2241 760 2286 suis
791 2242 1081 2288 retulerunt.
1118 2241 1299 2289 Deinde
1334 2240 1528 2305 quidam
1560 2256 1726 2286 eorum

299 2316 530 2378 promissa
551 2318 844 2381 complentes
868 2320 1165 2384 reciprocato
1189 2320 1304 2366 calle
1326 2319 1507 2365 Italiam
1533 2317 1727 2382 repeda-

299 2404 441 2450 runt,
475 2395 789 2460 exemploque
821 2415 907 2444 suo
936 2398 1050 2444 levia
1086 2398 1355 2445 multorum
1391 2396 1532 2443 corda
1567 2396 1622 2442 ad
1655 2413 1728 2442 se-

300 2471 546 2533 quendum
571 2490 617 2519 se
645 2475 932 2521 excitarunt.
967 2475 1088 2521 Nam
1119 2476 1373 2521 Turstinus
1404 2483 1726 2539 cognomento

301 2548 497 2595 Gitellus
534 2561 580 2597 et
604 2553 892 2617 Ragnulsus,
921 2554 1182 2600 Richardus
1210 2552 1491 2600 Anschetilli
1519 2550 1575 2597 de
1602 2550 1726 2609 Qua-

299 2624 459 2672 drellis
491 2629 643 2688 filius,
674 2631 854 2696 filiique
881 2632 1113 2680 Tancredi
1146 2632 1204 2679 de
1227 2631 1486 2679 Alta-Villa
1515 2650 1525 2674 :
1561 2628 1723 2692 Drogo

303 2703 520 2751 videlicet
545 2719 686 2772 atque
708 2710 982 2768 Umfridus,
1007 2712 1291 2759 VVillermus
1324 2721 1370 2757 ct
1394 2710 1719 2761 Hermannus,

301 2780 557 2829 Rotbertus
592 2801 914 2849 cognomcnto
938 2791 1214 2836 VViscardus
1239 2800 1284 2835 et
1317 2787 1540 2849 Rogerius
1568 2795 1612 2830 et
1645 2802 1721 2830 sex
