1951 3194
426 210 501 247 398
790 205 1030 242 HISTORIA
1063 205 1461 246 ECCLESIASTICA.

425 304 541 351 papa
564 286 713 331 factus
731 294 810 330 cst.
833 283 919 328 Hic
938 283 986 328 in
1007 282 1192 339 itinere,
1216 283 1329 330 dum
1348 286 1545 332 Romam
1565 297 1827 351 expeteret,

427 365 614 429 angelos
635 371 853 408 canentes
876 360 1054 406 audivit
1074 381 1084 406 :
1105 362 1239 408 Dicit
1258 362 1520 410 Dominus:
1542 366 1653 429 Ego
1673 369 1831 431 cogito

423 441 735 504 cogitationes
753 441 899 503 pacis
923 448 969 483 et
999 455 1095 484 non
1121 439 1394 504 afflictionis
1406 477 1422 497 ,
1459 450 1548 486 etc.
1575 442 1832 490 Praedictus

423 536 539 583 papa
564 515 727 563 multis
751 514 890 562 bonis
916 514 1126 572 studuit,
1160 513 1281 562 hene
1312 516 1492 581 agendo
1515 527 1563 563 et
1592 516 1713 566 bene
1740 520 1832 567 do-

424 595 574 642 cendo
599 593 797 639 subditis
824 593 1073 657 insigniter
1093 592 1292 656 profuit.
1318 595 1372 639 In
1393 592 1563 640 Gallias
1586 612 1713 645 anno
1736 597 1830 644 Do-

422 674 611 720 minicae
631 671 970 718 incarnationis
988 679 1041 717 M⁰
1060 679 1138 716 XL⁰
1155 679 1220 716 1x⁰
1237 670 1391 727 venit,
1412 670 1650 718 ecclesiam
1671 673 1714 718 S.
1736 674 1833 721 Re-

421 751 552 816 migii
577 752 839 797 Remorum
861 747 1199 812 archiepiscopi
1223 747 1314 795 kal.
1342 748 1552 795 octobris
1574 749 1828 808 dedicavit,

421 840 469 875 et
494 845 665 892 corpus
696 828 810 891 erS,
839 825 1069 871 instinctu
1091 826 1307 871 Hermari
1332 823 1538 882 abbatis,
1566 826 1614 872 in
1646 826 1827 884 locum,

421 904 504 952 ubi
550 920 679 950 nunc
723 911 993 958 veneratur,
1041 901 1245 964 gloriose
1287 902 1529 947 transtulit
1571 902 1832 964 (1).Tunc

423 983 599 1029 ibidem
640 980 855 1046 generale
892 978 1150 1025 concilium
1180 979 1359 1035 tenuit,
1393 989 1440 1024 et
1485 979 1610 1026 inter
1652 979 1832 1044 reliqua

423 1060 628 1108 ecclesiae
671 1056 918 1104 commoda
959 1073 1066 1120 (μεθ
1109 1055 1341 1112 instituit,
1376 1054 1664 1120 presbyteris
1703 1075 1831 1103 arma

420 1139 546 1185 ferre
577 1146 623 1183 et
656 1137 876 1199 conjuges
909 1132 1080 1180 habere
1107 1131 1358 1197 prohibuit
1385 1134 1473 1197 (2).
1506 1134 1686 1181 Exinde
1711 1152 1832 1182 con-

419 1213 618 1261 suetudo
661 1211 845 1260 lethalis
896 1211 1124 1274 paulatim
1175 1211 1417 1258 exinanire
1469 1212 1636 1275 coepit,
1687 1211 1830 1259 Arma

419 1293 612 1359 quidem
639 1290 762 1338 ferre
784 1288 1049 1355 presbyteri
1080 1291 1178 1353 jam
1200 1299 1441 1353 gratanter
1462 1287 1639 1336 desiere
1654 1326 1667 1346 ,
1702 1290 1781 1337 sed
1806 1309 1830 1336 a

420 1370 666 1436 pellicibus
692 1369 843 1416 adhuc
874 1369 1050 1415 nolunt
1081 1366 1342 1424 abstinere,
1372 1384 1459 1414 nec
1487 1367 1728 1431 pudicitiae
1755 1369 1832 1414 in-

418 1451 614 1497 haerere.

487 1525 826 1591 [mee-1089]
857 1525 1003 1587 Supra
1029 1524 1180 1569 dictus
1203 1524 1350 1570 Fulco
1375 1523 1602 1579 decanus,
1629 1524 1827 1571 diutinae

419 1604 742 1668 corruptionis
754 1603 881 1648 sanie
895 1602 1116 1657 foedatus,
1131 1602 1186 1646 ad
1200 1602 1394 1649 meliora
1411 1612 1618 1649 mentem
1634 1603 1825 1659 extulit3

412 1687 604 1747 jamque
614 1680 892 1735 silicernius,
903 1679 1102 1725 consilio
1113 1680 1396 1743 monituque
1408 1679 1630 1726 Fulconis
1641 1679 1726 1726 filii
1741 1681 1828 1735 sui,

418 1762 612 1808 Uticum
632 1757 872 1822 confugit,
898 1767 944 1803 et
968 1755 1332 1812 monachatum,
1361 1774 1461 1802 non
1484 1767 1579 1802 tam
1603 1757 1828 1802 saeculum

418 1839 658 1894 deserens,
687 1852 828 1899 quam
854 1852 878 1879 a
903 1833 1077 1880 saeculo
1100 1833 1376 1892 derelictus,
1404 1834 1689 1897 impetravit.
1721 1835 1825 1892 Hic,

418 1916 534 1962 dum
556 1911 816 1959 monachus
848 1910 997 1956 sactus
1023 1920 1113 1965 est,
1144 1910 1382 1957 ecelesiam
1411 1909 1467 1956 de
1492 1910 1826 1957 Guarleinvilla

415 2005 462 2040 et
483 2003 656 2040 terram
675 1989 732 2037 ad
750 2007 851 2036 eam
868 1989 1187 2053 pertinentem
1201 1989 1249 2034 S.
1269 1987 1475 2034 Ebrulfo
1492 1988 1638 2045 dedit,
1660 1988 1826 2034 aliam-

415 2089 507 2137 que
529 2081 702 2117 terram
725 2067 943 2113 similiter
965 2066 1117 2121 dedit,
1142 2083 1284 2131 quam
1307 2066 1357 2111 in
1376 2065 1534 2113 eadem
1553 2065 1662 2112 villa
1684 2067 1822 2131 Hugo

416 2147 678 2212 Bajocensis
714 2145 956 2208 episcopus
991 2144 1064 2206 (3)
1096 2144 1136 2189 ei
1179 2143 1391 2199 dederat,
1425 2159 1661 2206 quamque
1699 2141 1821 2189 idem

461 2359 511 2401 (1)
539 2356 662 2401 Voyez
681 2353 879 2395 ci-dessus‚
901 2352 924 2386 l.
947 2365 973 2395 ι,
996 2366 1030 2399 p.
1059 2351 1141 2395 185,
1163 2352 1239 2386 etl.
1263 2364 1306 2394 11,
1329 2365 1363 2399 p.
1387 2352 1465 2395 458.

458 2416 508 2459 (2)
533 2413 635 2448 Nous
652 2412 797 2447 n’avons
815 2412 942 2445 trouve
959 2410 1047 2445 dans
1060 2411 1111 2446 les
1127 2422 1259 2446 canons
1278 2410 1326 2445 du
1343 2410 1481 2445 concile
1499 2410 1544 2445 de
1558 2410 1683 2445 Reims
1699 2422 1818 2444 aucun

413 2485 528 2508 canon
547 2471 670 2507 relatis
681 2483 727 2505 au
742 2470 901 2516 mariage
920 2469 982 2504 des
996 2469 1145 2516 pretres,
1162 2470 1251 2504 mais
1266 2469 1465 2504 seulement
1476 2468 1623 2504 celui-ci
1642 2484 1647 2502 ;
1666 2468 1726 2503 Ne
1737 2470 1817 2514 quis

411 2534 622 2567 clericorzmz
657 2544 759 2565 arma
798 2531 967 2563 militaria
1003 2536 1162 2575 gestaret
1193 2536 1259 2564 aut
1290 2529 1488 2563 mundana?
1524 2530 1660 2562 militioe
1694 2527 1817 2561 deser-

412 2594 510 2624 viret.

456 2650 503 2695 (5)
529 2651 579 2686 Ce
601 2650 713 2696 pre'lat
728 2677 736 2691 ,
765 2660 809 2682 en
829 2660 863 2682 sa
882 2648 1018 2695 qualite
1037 2648 1081 2683 de
1108 2648 1161 2682 fils
1178 2648 1222 2682 de
1242 2646 1376 2690 Raoul‚
1401 2654 1519 2681 comte
1543 2645 1668 2687 d'Ivri,
1690 2647 1813 2691 posse-

409 2711 482 2744 «lan
497 2710 540 2744 de
561 2717 671 2743 vastos
687 2709 888 2755 proprictcs
910 2720 970 2743 sur
989 2707 1104 2743 divers
1121 2707 1241 2754 points
1262 2707 1309 2741 du
1328 2707 1577 2753 departeinent
1596 2704 1640 2737 de
1654 2703 1787 2738 l'Eurv.
