1951 3194
146 248 417 300 [1059-1061]
630 243 783 283 LIBER
812 242 1045 282 TERTIUS.
1500 247 1546 283 81

146 324 567 373 contristabantur.
588 324 724 368 Tunc
740 322 968 387 Rogerius
984 320 1039 367 de
1057 320 1483 368 Monte-Gomerici
1503 332 1550 367 et

142 401 332 449 Mahilia
351 418 473 447 uxor
498 403 593 464 ejus
613 410 772 446 exorta
796 398 1033 445 simultate
1052 397 1333 462 gaudebant,
1354 408 1399 444 et
1420 396 1551 443 blan-

145 480 214 527 dis
254 479 602 526 adulationibus
642 478 729 523 sibi
769 477 937 522 ducem
977 475 1270 535 alliciebant,
1305 486 1350 522 et
1384 485 1550 522 contra

145 558 326 603 vicinos
358 574 465 603 suos
494 556 668 602 callidis
697 553 983 599 factionibus
1005 563 1299 599 commotum
1319 554 1469 599 acrius
1495 552 1551 598 ad

146 634 265 680 iram
280 634 599 682 concitabant.
623 632 875 678 Animosus
897 641 1053 676 autem
1072 630 1165 676 dux
1186 631 1288 693 plus
1309 648 1446 696 aequo
1468 631 1550 677 irae

145 710 295 756 fraena
322 710 555 764 relaxans7
583 708 850 772 praecipuos
874 706 1047 751 milites
1073 705 1329 751 flodulfum
1357 707 1414 753 de
1433 708 1554 752 Toe'-

146 788 223 833 nia
261 798 306 833 et
338 788 587 849 Hugonem
610 784 666 830 de
689 781 1106 830 Grentemaisnilio
1130 791 1269 846 atque
1292 783 1554 828 Ernaldum

146 863 203 910 de
230 863 464 910 Escalfoio
494 872 539 909 et
560 861 762 908 barones
787 877 953 907 eorum
978 859 1360 916 exhaereditavit,
1385 870 1431 905 ct
1455 861 1555 907 sine

147 939 474 1004 probabilibus
515 938 663 1002 culpis
694 937 775 983 diu
812 937 998 984 exulare
1033 937 1203 1000 coegit.
1243 938 1380 982 Tunc
1415 937 1555 983 etiam

147 1016 416 1064 Rodbertus
437 1016 736 1063 Uticensium
764 1013 904 1060 abbas
935 1013 991 1060 ad
1025 1015 1203 1060 curiam
1227 1014 1356 1060 ducis
1380 1015 1555 1060 accitus

149 1105 241 1150 est,
264 1105 309 1142 et
331 1094 387 1140 ad
410 1093 532 1140 diem
553 1103 781 1139 statutum
802 1092 858 1138 de
878 1091 1156 1155 quibusdam
1179 1092 1409 1149 reatibus,
1432 1092 1558 1140 unde

148 1171 265 1218 falso
284 1181 521 1217 accusatus
541 1171 718 1226 suerat,
745 1169 1031 1233 respondere
1044 1171 1197 1232 jussus
1214 1180 1297 1216 est.
1320 1171 1458 1216 Hunc
1475 1171 1556 1216 ni—

149 1250 325 1295 mirum
346 1249 591 1294 Rainerius
609 1247 987 1293 castellionensis
1005 1246 1263 1294 monachus
1283 1248 1445 1311 (quem
1464 1249 1559 1310 ipse

149 1327 357 1390 priorem
379 1324 679 1371 Uticensibus
705 1325 1005 1388 praefecerat,
1028 1335 1074 1370 ct
1096 1324 1151 1370 ad
1180 1325 1343 1370 intima
1366 1326 1559 1371 consilia

152 1421 229 1448 sua
248 1403 377 1449 velut
401 1401 586 1448 fidelem
610 1402 813 1447 amicum
836 1401 1161 1448 indubitanter
1181 1403 1481 1465 accersierat)
1502 1401 1559 1448 de

152 1479 431 1544 quibusdam
451 1479 667 1525 ludibriis
688 1490 733 1526 et
755 1479 1030 1542 improvidis
1052 1478 1211 1536 dictis,
1240 1480 1441 1544 ducique
1461 1481 1563 1543 pri—

153 1559 296 1604 vatim
320 1557 654 1621 derogantibus
678 1556 800 1620 apud
827 1557 979 1620 ipsum
1000 1568 1312 1604 accusaverat.
1345 1558 1427 1604 Ille
1447 1575 1561 1606 vero

153 1644 207 1679 ut
224 1634 390 1680 ducem
410 1643 574 1681 contra
602 1651 673 1690 se,
701 1644 944 1697 totamque
968 1651 1097 1679 suam
1121 1633 1410 1697 parentelam
1430 1633 1564 1681 vehe-

153 1722 338 1758 menter
360 1711 597 1758 furentem
621 1722 667 1758 et
689 1728 860 1758 nocere
886 1712 1155 1775 cupientem
1175 1712 1343 1768 sensit,
1368 1712 1564 1759 indicio-

153 1806 245 1853 que
261 1790 521 1836 amicorum
537 1807 731 1836 suorum
750 1788 1119 1835 malivolentiam
1139 1789 1268 1836 ducis
1288 1788 1373 1834 sibi
1393 1789 1562 1835 damna

155 1865 481 1912 membrorum
517 1866 693 1913 inferre
718 1866 919 1912 volentis
944 1867 1172 1912 veraciter
1199 1867 1414 1930 agnovit,
1443 1884 1564 1913 con-

156 1942 260 1988 silio
277 1942 489 2006 Hugonis
507 1942 805 1989 Lexoviensis
824 1942 1026 2005 episcopi
1048 1942 1376 1988 imminentem
1390 1942 1565 1988 furiam

156 2018 390 2064 declinare
413 2019 544 2080 prius
571 2036 711 2082 quam
731 2018 954 2063 damnum
983 2017 1283 2081 irreparabile
1302 2028 1562 2082 pateretur,

157 2095 313 2159 elegit.
345 2095 510 2141 Tertio
543 2095 698 2159 itaque
732 2095 971 2158 regiminis
1006 2095 1073 2140 sui
1109 2112 1236 2141 anno
1264 2104 1334 2142 v1⁰
1365 2095 1456 2141 kal.
1489 2094 1565 2142 fe-

156 2173 334 2219 bruarii
350 2173 421 2236 (Ι)
437 2183 683 2237 postquam
699 2172 893 2219 sabbato
909 2172 966 2219 ad
982 2190 1189 2236 vesperas
1210 2172 1532 2236 Antiphonam
1551 2193 1561 2218 :

159 2252 374 2297 Peccata
417 2269 546 2309 mea,
594 2252 824 2307 Domine,
861 2251 1284 2314 pronunciaverat,
1319 2250 1561 2306 discessit,

159 2329 448 2392 ascensisque
481 2330 611 2393 equis
648 2347 750 2374 cum
788 2328 971 2375 duobus
1009 2329 1250 2374 monachis
1282 2328 1488 2373 Fulcone
1519 2338 1566 2372 et

161 2403 283 2449 Urso
310 2404 506 2449 Galliam
536 2406 753 2467 expetiit,
784 2417 829 2452 et
859 2404 965 2450 inde
995 2405 1188 2451 Nicolao
1214 2422 1345 2467 papae
1374 2414 1565 2449 eventus

163 2499 270 2528 suos
301 2481 589 2527 revelaturus
615 2482 743 2527 adiit.

230 2560 411 2604 Interea
431 2558 778 2603 Normannicus
797 2558 889 2604 dux
909 2577 993 2622 per
1015 2558 1259 2605 consilium
1288 2555 1567 2601 venerabilis

220 2731 270 2775 (1)
290 2732 336 2765 Le
350 2742 393 2777 27
409 2731 548 2777 janvier
571 2729 667 2764 1061.

268 2805 317 2834 11.
1346 2789 1377 2833 6
