1951 3194
85 221 355 270 [low-1978]
574 221 726 259 LIBER
756 220 995 270 QUINTUS.
1406 222 1483 261 383

86 315 281 362 meoque
315 302 547 361 sanguine
587 300 823 364 vivificari
852 309 1038 364 posset,
1087 314 1292 343 eruorem
1330 315 1485 345 meum

78 393 166 440 pro
188 375 272 422 illo
297 375 589 439 ffcnderem
603 399 624 432 5
658 387 701 422 et
719 376 836 442 plus
860 393 1003 440 qaam
1019 375 1239 436 feminea
1270 375 1487 422 imbecil-

85 453 196 499 litas
227 454 460 517 spondere
490 454 637 500 audet
644 490 660 510 ,
690 464 885 518 paterer·
912 456 1218 500 anxietatem.
1257 453 1487 517 Quanam

79 541 225 594 putas
246 531 429 577 ratione
450 541 499 576 ut
517 548 589 577 me
606 530 803 576 delectet
819 530 996 578 divitiis
1013 530 1276 588 abundare,
1288 531 1484 594 filium-

84 623 174 669 que
207 624 360 652 meum
393 607 545 652 nimia
575 609 741 671 patiar
779 607 986 671 opprimi
1023 605 1270 670 egestate?
1303 607 1488 653 Procul

83 682 209 728 absit
230 700 261 728 a
281 683 424 729 eorde
440 700 543 729 meo
567 693 703 729 tanta
727 682 908 728 duritia
916 719 932 739 ,
958 700 1045 728 nee
1064 694 1223 729 vestra
1241 683 1379 730 debet
1397 684 1486 730 lzoc·

83 760 203 806 milli
209 760 379 822 jubere
396 761 640 824 potentia!

146 838 228 882 His
261 837 430 883 auditis
461 836 587 883 ferus
621 838 840 901 princeps
869 836 1122 900 expalluit,
1149 847 1197 884 et
1220 838 1269 883 in
1298 848 1485 885 tantum

84 915 149 960 ira
164 917 259 977 ejus
273 913 510 971 efferbuit,
527 925 580 961 ut
599 913 850 979 quemdam
865 915 1042 979 reginae
1063 914 1378 973 veredarium,
1397 934 1483 964 no-

82 990 209 1036 mine
228 992 499 1038 Samsonem
513 1027 527 1049 ,
553 1009 724 1055 genere
745 992 991 1038 Britonem
1002 1027 1015 1048 ‚
1034 992 1244 1055 jussisset
1269 1009 1487 1056 compre-

81 1066 247 1124 hendi,
277 1078 323 1114 et
351 1085 461 1115 mox
487 1068 635 1115 oculis
658 1069 852 1132 privari.
880 1068 1060 1116 Verum
1084 1069 1179 1126 ille,
1205 1087 1290 1133 per
1312 1071 1486 1119 amicos

82 1144 259 1206 reginae
293 1155 348 1190 ut
373 1145 719 1192 animositatem
745 1145 866 1209 regis
895 1145 1114 1209 agnovit,
1141 1145 1250 1210 fuga
1282 1146 1484 1211 elapsus,

82 1219 288 1266 edictum
320 1220 464 1267 ferale
493 1221 738 1278 devitavit,
777 1238 830 1267 ac
863 1221 921 1267 ad
953 1219 1233 1269 coenobium
1267 1223 1488 1271 Uticense

82 1307 294 1342 actutum
319 1298 551 1361 confugit.
584 1297 654 1344 lbi
680 1316 704 1344 a
732 1298 964 1345 Mainerio
995 1297 1164 1345 abbate
1194 1300 1355 1364 regina
1378 1319 1489 1365 pre-

84 1384 218 1421 cante
241 1385 480 1438 susceptus
497 1385 583 1432 est,
603 1386 649 1422 et
668 1374 1001 1422 monachicum
1017 1375 1200 1423 schema
1222 1394 1313 1440 pro
1334 1378 1487 1424 salva-

86 1452 215 1498 tione
240 1453 453 1515 corporis
477 1462 524 1498 et
548 1453 717 1498 animae
742 1451 993 1499 salubriter
1016 1452 1208 1499 indutus
1234 1464 1319 1501 est.
1343 1455 1487 1502 Calli-

83 1527 168 1572 dus
202 1537 248 1573 et
284 1527 508 1592 eloquens
539 1539 679 1593 atque
713 1540 862 1575 castus
894 1529 1013 1585 fuit,
1050 1540 1097 1575 et
1125 1546 1242 1576 xxvl
1275 1532 1411 1577 annis
1438 1533 1486 1578 in

82 1604 250 1651 ordine
274 1604 530 1651 monachili
557 1606 688 1652 vixit.
1429 1658 1431 1660 ,

146 1683 227 1729 His
259 1681 553 1746 temporibus
582 1683 629 1729 in
656 1683 915 1729 Teutonica
941 1683 1134 1747 regione
1156 1683 1351 1747 quidam
1375 1703 1490 1732 ana-

84 1759 273 1806 choreta
305 1761 378 1805 vir
412 1759 566 1806 bonus
598 1771 645 1807 et
674 1770 860 1806 sanctus
895 1769 1021 1817 erat,
1056 1760 1138 1824 qui
1163 1761 1289 1807 inter
1320 1772 1487 1810 caetera

84 1838 315 1883 virtutum
355 1838 554 1901 insignia
593 1838 814 1900 spiritum
855 1837 1119 1901 prophetiae
1159 1837 1377 1885 habebat.
1417 1841 1489 1887 Ad

84 1933 227 1980 quem
252 1913 491 1960 Mathildis
520 1916 679 1979 regina
713 1914 886 1978 legatos
922 1926 969 1960 et
1000 1915 1136 1961 xenia
1166 1916 1320 1973 misit,
1355 1935 1407 1963 ac
1437 1930 1490 1964 ut

84 2011 174 2057 pro
197 1993 393 2049 marito,
416 1992 607 2057 filioque
630 2009 714 2039 suo
732 1991 975 2039 Rodberto
994 1994 1145 2039 Deum
1168 2004 1349 2050 oraret,
1378 2013 1490 2059 sup—

86 2071 273 2134 pliciter
289 2070 497 2134 rogavst,
519 2087 570 2116 ac
595 2080 647 2115 ut
667 2070 942 2116 vaticinium
964 2068 1093 2135 quod
1111 2070 1174 2117 eis
1199 2071 1247 2116 in
1271 2071 1489 2119 futurum

87 2148 408 2211 contingeret,
450 2146 537 2192 sihi
578 2147 821 2194 mandaret
856 2146 1038 2211 adjecit.
1082 2148 1146 2194 At
1182 2147 1258 2194 ille
1297 2150 1491 2197 nuntios

88 2233 233 2268 tantae
265 2222 474 2268 mulieris
498 2221 768 2288 benigniter
799 2224 1027 2288 suscepit,
1063 2223 1363 2288 induciasque
1393 2244 1491 2272 res-

88 2299 326 2363 pondendi
355 2316 502 2363 usque
533 2300 581 2346 in
602 2299 726 2347 diem
758 2302 953 2347 tertium
979 2301 1133 2365 petiit.
1165 2301 1490 2351 Illuscescente

88 2385 245 2421 autem
273 2375 408 2421 tertia
431 2373 533 2433 die,
562 2377 736 2423 vocatis
759 2378 934 2441 reginae
958 2375 1303 2441 responsalibus
1330 2378 1450 2425 dixit
1477 2401 1486 2425 :

92 2452 176 2508 Ite,
198 2462 241 2496 et
259 2450 362 2497 lzcec
380 2451 587 2498 dominae
604 2464 775 2499 vestrae
791 2454 849 2499 de
858 2465 1001 2519 parte
1020 2472 1126 2500 mea
1146 2455 1378 2500 intimate.
1404 2455 1490 2502 Se·-

92 2527 685 2592 ezmdumpostulationem
702 2541 832 2578 tuam
850 2532 1004 2577 Deum
1019 2532 1169 2589 oravi,
1189 2543 1233 2577 et
1243 2531 1364 2591 lzsec,
1386 2534 1490 2599 ipso

91 2606 457 2663 demonstrante,
488 2608 534 2652 in
559 2609 745 2654 visione
769 2608 936 2654 didici.
969 2610 1088 2655 Vidi
1114 2608 1360 2672 quoddam
1377 2629 1493 2676 pra—

94 2694 189 2729 tum
216 2685 366 2730 laer-bis
391 2685 648 2747 etflore'lms·
665 2686 980 2751 pulcherrime
998 2688 1238 2744 vestitum,
1261 2698 1304 2733 et
1322 2706 1489 2753 equum
