1951 3194
350 268 404 308 84
718 268 959 306 HISTORIA
991 265 1391 304 ECCLESIASTICA.
1494 266 1762 316 [1061-1063]

355 358 447 393 tate
478 346 682 401 audivit,
716 345 960 408 fidumque
996 344 1272 408 suffragium
1300 345 1347 390 in
1381 362 1458 390 sua
1492 345 1765 391 necessitate

352 423 626 489 spopondit.
654 421 923 469 Rodbertus
945 431 1103 469 autem
1127 421 1184 467 ad
1206 431 1421 485 parentes
1445 439 1551 469 suos
1570 423 1617 469 in
1637 422 1764 485 Apu-

348 501 486 560 liam,
512 499 594 546 ubi
619 499 758 545 urbes
784 509 829 545 et
854 498 1026 563 oppida
1043 500 1322 563 quamplura
1344 498 1390 543 vi
1415 515 1657 545 armorum
1679 496 1765 544 ob-

352 580 620 633 tinuerant,
651 577 891 632 transivit,
931 587 977 623 et
1004 576 1238 640 completa
1267 594 1376 622 cum
1404 576 1467 622 eis
1495 576 1761 631 locutione,

350 673 459 701 cum
494 655 665 701 litteris
692 654 961 718 apostolicis
995 664 1041 701 et
1077 652 1263 700 duobus
1288 652 1603 699 cardinalibus
1627 654 1766 700 cleri-

348 733 412 778 cis
439 731 784 778 Normanniam
818 731 1038 794 repetiit,
1070 741 1116 777 et
1144 731 1522 777 Juliam-Bonam
1552 730 1653 793 (1),
1682 729 1763 775 ubi

348 821 463 856 tunc
493 809 719 873 temporis
742 809 1025 855 VVillermus
1049 808 1144 853 dux
1175 809 1356 853 curiam
1384 825 1515 854 suam
1547 807 1763 863 tenebat,

348 888 567 934 audacter
611 885 742 932 adiit.
788 885 994 932 Audiens
1041 903 1154 932 vero
1193 885 1288 931 dux
1332 884 1462 950 quod
1500 884 1765 931 Rodbertus

346 963 487 1010 abbas
507 981 615 1010 cum
637 963 798 1028 legatis
822 981 956 1027 papae
979 961 1217 1008 abbatiam
1237 963 1510 1009 Uticensem
1532 963 1765 1028 quaesitu-

349 1060 428 1087 rus
453 1042 739 1097 advenisset,
771 1050 817 1088 et
842 1039 1110 1087 Osbernum
1138 1040 1269 1086 ducis
1296 1042 1429 1103 jussu
1455 1039 1763 1086 substitutum

347 1118 567 1166 abbatem
601 1118 733 1164 velut
771 1117 1037 1164 invasorem
1071 1117 1209 1163 alieni
1239 1117 1360 1181 juris
1394 1117 1765 1163 calumniaturus
1805 1151 1812 1159 .

347 1206 491 1253 esset,
515 1195 819 1242 vehementer
838 1194 983 1240 iratus
1003 1194 1124 1239 dixit
1147 1212 1194 1240 se
1215 1194 1406 1258 quidem
1431 1194 1606 1258 legatos
1630 1211 1766 1257 papae

348 1274 405 1319 de
435 1271 526 1319 fide
558 1284 602 1318 et
634 1271 862 1335 religione
900 1270 1151 1317 christiana
1170 1307 1184 1329 ‚
1212 1281 1266 1317 ut
1299 1272 1565 1318 communis
1589 1273 1760 1335 patris,

348 1349 556 1396 libenter
591 1359 948 1413 suscepturum3
987 1347 1066 1395 sed
1100 1349 1135 1394 si
1175 1348 1280 1413 quis
1328 1347 1675 1395 monachorum
1707 1347 1764 1394 de

347 1438 472 1474 terra
518 1443 597 1472 sua
645 1426 930 1472 calumniam
972 1424 1060 1471 sibi
1101 1426 1390 1472 contrariam
1431 1424 1630 1472 inferret
1651 1461 1664 1481 ‚
1707 1424 1764 1470 ad

347 1505 565 1551 altiorem
590 1521 822 1567 quercum
845 1503 1014 1549 vicinae
1047 1503 1192 1567 sylvae
1224 1520 1308 1566 per
1334 1503 1559 1565 capitium
1585 1503 1765 1549 irreve—

348 1591 511 1627 renter
533 1596 889 1643 suspensurum.
915 1578 1054 1638 Quod
1073 1578 1265 1625 audiens
1283 1580 1420 1643 Hugo
1443 1578 1618 1643 praesul
1636 1578 1765 1625 Rod-

348 1657 487 1704 berto
512 1656 772 1713 intimavit,
797 1666 843 1702 et
862 1665 916 1700 ut
935 1654 1185 1701 furibundi
1210 1655 1439 1720 principis
1462 1655 1764 1720 praesentiam

348 1735 605 1783 declinaret
629 1734 897 1780 admonuit.
918 1732 980 1780 At
1006 1734 1082 1780 ille
1101 1734 1382 1780 festinanter
1405 1733 1513 1779 inde
1532 1732 1756 1790 discessit,

350 1822 397 1859 et
433 1812 480 1857 in
516 1828 688 1875 pagum
724 1810 1032 1857 Parisiensem
1066 1811 1123 1856 ad
1154 1809 1475 1857 venerandum
1511 1810 1762 1874 Hugonem

349 1890 569 1937 abbatem
583 1888 795 1935 coenobii
815 1889 961 1934 sancti
980 1888 1195 1953 Dionysii
1216 1887 1464 1934 Gallorum
1480 1887 1680 1951 apostoli
1696 1888 1763 1950 (2)

350 1968 558 2023 secessit,
593 1977 639 2013 et
670 1965 794 2029 apud
826 1966 978 2029 ipsum
1011 1966 1264 2030 (cognatus
1287 1965 1463 2030 quippe
1493 1982 1603 2010 suus
1633 1964 1760 2027 erat)

349 2057 396 2092 et
423 2043 546 2107 apud
571 2043 685 2090 alios
709 2043 884 2090 amicos
907 2061 959 2089 ac
980 2054 1196 2107 parentes
1220 2060 1326 2089 suos
1342 2079 1354 2099 ,
1389 2043 1470 2107 qui
1498 2044 1623 2089 inter
1645 2042 1760 2088 Gal-

350 2121 509 2167 lorum
526 2137 748 2184 proceres
768 2118 1036 2183 pollebant,
1059 2120 1331 2185 aliquandiu
1351 2118 1613 2166 honorifice
1631 2118 1761 2165 habi-

352 2199 484 2244 tavit.
520 2197 633 2244 Inde
666 2197 883 2243 Osberno
917 2196 1073 2243 abbati
1106 2197 1346 2244 mandavit
1381 2207 1434 2243 ut
1467 2214 1625 2243 coram
1661 2197 1761 2243 Ro-

349 2274 500 2320 manis
518 2271 832 2318 cardinalibus
854 2272 900 2318 in
919 2290 1039 2337 pago
1059 2273 1336 2320 Carnotensi
1356 2271 1497 2319 ambo
1516 2273 1726 2319 adessent
1742 2308 1757 2331 ‚

398 2459 448 2500 (1)
472 2454 704 2497 Lillcbonne,
725 2455 774 2488 ou
799 2454 848 2488 les
873 2454 961 2489 dues
988 2454 1032 2489 de
1060 2455 1285 2490 Normandie
1312 2456 1452 2491 avaient
1470 2456 1578 2491 etabli
1596 2457 1692 2491 l’une
1710 2457 1755 2492 dc

350 2517 450 2552 leurs
479 2514 682 2550 residences
707 2514 758 2548 les
781 2514 862 2561 plus
892 2515 1108 2549 habituelles
1138 2523 1175 2551 et
1202 2516 1252 2550 les
1271 2516 1353 2563 plus
1370 2517 1518 2553 cheres:
1541 2517 1752 2560 Juliobona,

351 2575 457 2613 sedes
473 2577 574 2622 regia
596 2588 619 2609 [ι
638 2574 794 2610 dominis
813 2575 1115 2610 Normannormn
1135 2577 1287 2611 multum
1305 2584 1429 2613 amata
1448 2584 1481 2612 et
1489 2578 1751 2625 frequentata,

349 2636 408 2669 dit
423 2635 455 2669 la
475 2634 679 2681 chronique
697 2633 741 2668 de
761 2634 902 2669 Robert
920 2634 971 2669 du
989 2635 1105 2670 Mont.

400 2697 450 2736 (¹2)
470 2694 643 2739 Rugum,
665 2694 868 2741 quatricme
885 2694 935 2729 du
959 2707 1062 2738 nom,
1092 2695 1183 2730 abbo:
1208 2694 1253 2730 de
1277 2694 1510 2731 saint-Denis
1528 2695 1540 2739 (
1559 2694 1746 2741 1049-1061

351 2766 397 2788 ou
423 2753 504 2787 106¹)
517 2754 542 2796 ).
