1951 3194
469 281 545 317 372
832 273 1071 312 HISTORIA
1105 273 1499 313 ECCLESIASTICA*

827 398 1182 433 EPITAPHIUM
1218 397 1511 434 ROLLONIS.

653 502 734 535 Dux
751 501 1065 542 Normannorum,
1087 499 1198 533 timor
1218 498 1332 533 hostis
1348 505 1385 533 et
1401 510 1500 534 arma
1516 510 1661 535 suorum
1675 527 1684 543 ,

699 559 805 595 Rollo
824 559 890 594 sub
907 559 978 593 hoc
994 557 1101 593 titulo
1119 557 1302 592 clauditur
1316 558 1354 592 in
1370 558 1524 593 tumulo.

652 621 806 667 Majores
824 619 927 665 cujus
946 618 1106 666 probitas
1122 619 1303 665 provexit,
1322 626 1365 652 ut
1380 618 1458 664 ejus

697 678 870 715 Servierit
888 690 954 712 nec
973 688 1075 722 aVUS,
1092 689 1157 712 nec
1173 684 1288 724 pater,
1308 684 1372 712 aut
1387 689 1552 725 proavus.

650 740 852 774 Ducentem
868 737 979 772 fortes
998 749 1134 784 regem,
1159 736 1364 784 multasque
1383 737 1550 772 cohortes

697 797 838 832 Devicit
852 796 968 830 Daciae
985 795 1226 842 congrediens
1245 795 1333 830 acie.

651 857 842 899 Frhrones,
860 854 1028 889 Walcros
1042 882 1050 897 ‚
1072 854 1332 897 Halbacenses,
1355 854 1581 898 Hainaucos,

693 917 769 951 Hos
789 915 897 951 simul
914 914 1106 961 adjunctos
1124 914 1231 949 Rollo
1249 914 1351 949 dedit
1367 915 1553 962 profugos.

648 975 733 1023 Egit
750 974 795 1009 ad
814 974 884 1008 hoc
899 973 1040 1008 Fresios
1057 985 1123 1019 per
1137 973 1295 1019 plurima
1313 973 1462 1008 vulnera
1480 974 1608 1017 victos,

694 1035 747 1070 Ut
767 1034 835 1069 sibi
849 1034 1018 1078 jurarent
1037 1039 1146 1079 atque
1164 1033 1302 1067 tributa
1321 1033 1463 1068 darent.

651 1095 795 1140 Bajocas
809 1092 906 1139 cepit
917 1119 925 1135 ,
946 1092 1001 1126 bis
1015 1091 1172 1126 Parisios
1189 1092 1392 1138 superavit;

698 1152 816 1187 Nemo
832 1150 905 1185 fuit
922 1150 1070 1184 Francis
1086 1151 1249 1196 asperior
1266 1150 1402 1184 cuneis.

648 1211 764 1246 Annis
781 1210 933 1255 triginta
952 1208 1147 1243 Gallorum
1164 1208 1320 1243 caedibus
1339 1220 1420 1243 arva

696 1268 883 1316 Implevit,
904 1269 1011 1315 pigro
1028 1267 1121 1303 bella
1136 1279 1264 1314 gerens
1280 1266 1423 1303 Carolo.

650 1331 737 1364 Post
754 1328 886 1363 multas
904 1335 1058 1375 st1·ageS‚
1077 1327 1212 1374 praedas
1224 1355 1232 1371 ‚
1254 1327 1439 1371 incendia,
1461 1327 1588 1372 caedes,

696 1387 798 1422 Utile
816 1399 899 1421 cum
917 1386 1031 1420 Gallis
1048 1385 1165 1420 foedus
1182 1386 1252 1420 init
1267 1385 1421 1432 cupidis.

652 1447 811 1494 Supplex
828 1447 1028 1490 Franconi,
1047 1446 1183 1480 meruit
1201 1445 1418 1493 baptismate
1436 1446 1530 1493 tingi
1546 1462 1554 1489 ;

699 1507 758 1542 Sic
776 1506 888 1554 periit
905 1507 1036 1541 veteris
1053 1518 1160 1540 omne
1181 1506 1280 1541 nefas
1298 1506 1470 1540 hominis

655 1567 707 1602 Ut
721 1566 792 1600 suit
809 1572 893 1600 ante
910 1565 1035 1612 lupus,
1058 1566 1107 1599 sic
1122 1572 1204 1611 post
1221 1565 1261 1599 sit
1275 1565 1427 1600 mitibus
1445 1577 1571 1612 agnus.

699 1624 773 1658 Pax
791 1624 840 1658 ita
857 1630 1039 1658 mutatum
1058 1623 1216 1659 mulceat
1233 1630 1316 1658 ante
1335 1624 1470 1658 Deum!

471 1730 748 1795 Exequiales
769 1728 1082 1774 nihilominus
1101 1728 1271 1774 naeniae
1286 1744 1425 1791 super
1441 1726 1731 1774 mausoleum
1746 1727 1877 1773 Guil-

469 1807 597 1854 lelmi
614 1805 983 1869 Longae-Spatae‚
1002 1803 1130 1868 quod
1150 1804 1198 1849 in
1213 1803 1570 1867 septentrionali
1588 1802 1719 1868 plaga
1733 1803 1875 1850 situm

471 1896 563 1943 est,
589 1882 759 1929 litteris
783 1899 838 1927 ex
861 1897 977 1926 auro
1003 1880 1065 1925 ita
1089 1890 1201 1926 sunt
1226 1878 1455 1926 enodatae.

663 2019 969 2056 EPITAPHIUM
994 2017 1264 2053 GUILLELMI
1290 2017 1677 2053 LONGAE-SPATAE.

655 2126 756 2168 Quos
773 2120 989 2156 defendebat
1007 2120 1245 2163 Guillelmus,
1263 2132 1369 2154 nemo
1388 2121 1595 2167 premebat;

701 2181 846 2217 Auxilio
866 2180 999 2222 caruit,
1020 2179 1147 2213 laedere
1171 2190 1279 2226 quem
1298 2178 1424 2214 voluit.

658 2241 818 2288 [iegibus
836 2252 875 2273 ac
893 2239 1048 2273 ducibus
1065 2238 1259 2272 metuenda
1279 2250 1406 2271 manus
1422 2238 1492 2272 suit
1510 2238 1604 2283 ejus⁷

703 2300 856 2346 Belliger
874 2299 1055 2333 Hem-icus
1073 2298 1189 2333 Caesar
1207 2309 1291 2331 eum
1309 2297 1445 2331 timuit.

659 2362 763 2396 Rexit
782 2360 1011 2394 Normanuos
1028 2358 1157 2403 viginti
1175 2357 1336 2404 quinque
1357 2368 1420 2402 per
1439 2369 1568 2399 annos,

704 2419 828 2454 Militis
845 2424 952 2464 atque
967 2416 1070 2450 ducis
1083 2422 1273 2463 promptus
1290 2416 1326 2449 in
1344 2414 1481 2450 officiis.

651 2478 868 2515 Coenobium
886 2476 1038 2523 pulchre
1058 2476 1235 2522 reparavit
1252 2474 1543 2510 Gemmeticense
1555 2503 1563 2515 ,

701 2540 745 2573 Et
760 2536 918 2573 decrevit
935 2536 985 2570 ibi
1002 2535 1096 2570 serre
1109 2535 1242 2582 jugum
1260 2534 1441 2569 monachi.

655 2597 828 2633 Fervidus
847 2595 974 2630 invicti
993 2594 1105 2629 coluit
1123 2606 1288 2628 normam
1307 2592 1511 2633 Benedicti,

700 2655 769 2691 Cui
787 2654 890 2701 petiit
907 2652 1031 2696 subdi,
1054 2652 1182 2698 plenus
1200 2663 1321 2685 amore
1340 2651 1419 2684 Dei.

652 2715 800 2749 Distulit
817 2714 886 2748 hoc
904 2712 1011 2747 abbas
1030 2712 1227 2753 Martinu53
1247 2710 1326 2744 diva
1342 2716 1499 2757 potestas

702 2775 790 2806 Sam-:1
814 2785 875 2818 por
894 2784 990 2805 arma
1013 2772 1101 2806 mori
1122 2770 1277 2817 praetulit
1296 2781 1401 2804 omen
1419 2770 1464 2802 ei.
