1951 3194
133 271 251 317 [cmm
272 268 478 305 582-cmm
497 267 591 316 720]
622 265 776 304 LIBER
807 265 1062 314 QUARTUS.
1469 267 1547 303 2053

131 347 283 392 vincia
316 345 488 392 detulit
524 347 569 391 in
606 345 993 392 Aurelianensem
1028 361 1199 409 pagum
1227 344 1320 408 (ι).
1348 344 1449 390 Hoc
1482 345 1554 389 ni-

131 425 309 469 mirum
335 424 539 487 contigit
562 434 669 487 post
693 423 1113 487 depopulationem
1141 422 1426 469 Cassinensis
1450 439 1553 469 mo-

133 502 348 558 nasterii,
373 520 515 567 quam
543 501 704 549 beatus
727 511 861 564 pater
884 501 1167 547 Benedictus
1193 518 1302 547 cum
1329 499 1553 565 lacrymis

132 579 417 644 praedixerat
450 579 707 643 Teoprobo
740 578 977 625 monacho
1012 579 1164 626 nobili
1196 597 1331 626 servo
1356 579 1468 635 Dei3
1501 589 1555 624 ut

136 659 183 703 in
223 658 429 705 secundo
466 657 764 722 dialogorum
806 655 932 703 libro
977 658 1199 721 legimus,
1237 676 1380 722 quem
1412 658 1554 704 Petro

134 735 425 783 subdiacono
444 734 590 782 edidit
612 734 878 781 luculenter
898 735 1093 800 insignis
1111 735 1282 783 doctor
1298 754 1413 800 papa
1435 735 1554 782 Gre-

134 813 294 877 gorius
321 814 413 876 (2).

201 889 437 936 Defuncto
476 890 685 953 Clepone
720 907 852 954 rege,
884 900 1140 956 antequam
1173 889 1397 936 Autarith
1430 890 1553 936 filius

135 972 230 1032 ejus
257 968 313 1014 ad
345 968 676 1031 imperandum
701 980 817 1016 esset
839 968 1062 1026 idoneus,
1090 980 1136 1016 et
1157 980 1256 1016 tota
1278 987 1392 1034 gens
1426 971 1554 1014 Lan-

132 1045 454 1111 gobardorum
478 1047 578 1092 sine
602 1063 710 1110 rege
735 1046 980 1112 subjugata
1007 1059 1125 1095 esset
1150 1065 1302 1095 XXXIV
1323 1046 1523 1094 ducibus
1538 1083 1550 1103 ,

133 1124 380 1188 praedones
403 1124 712 1171 Guinilorum
740 1124 987 1171 furibundi
1009 1136 1155 1173 noctu
1176 1127 1408 1190 impetum
1429 1125 1555 1171 fece-

134 1213 274 1260 runt,
317 1213 363 1248 et
408 1202 679 1249 Cassinense
716 1204 1062 1250 monasterium
1098 1203 1372 1267 depopulati
1410 1213 1553 1258 sunt3

134 1278 213 1324 sed
245 1295 412 1324 omnes
447 1279 667 1325 monachi
699 1290 980 1344 protegente
1014 1280 1113 1327 Deo
1151 1279 1413 1326 incolumes
1449 1296 1556 1324 cum

134 1357 310 1404 Bonito
352 1355 519 1403 abbate
557 1374 641 1404 suo
678 1369 944 1404 evaserunt.
979 1358 1159 1405 Deinde
1197 1375 1221 1404 c
1260 1369 1307 1405 et
1345 1375 1376 1403 x
1420 1357 1556 1402 annis

135 1435 295 1480 eadem
329 1434 558 1481 desolatio
596 1434 770 1481 ibidem
808 1436 1093 1500 permansit3
1129 1434 1282 1483 donec
1319 1436 1557 1482 Petronax

135 1511 374 1558 Brixensis
393 1513 638 1576 episcopus
659 1513 903 1559 cassinum
924 1514 1143 1561 Montem
1160 1513 1293 1570 adiit,
1315 1524 1361 1559 et
1382 1511 1557 1558 ibidem

135 1590 392 1637 auxiliante
429 1589 651 1636 Zacharia
692 1609 807 1655 papa
852 1590 1015 1638 nobile
1054 1589 1335 1638 coenobium
1379 1600 1560 1636 restau-

137 1668 287 1723 ravit3
316 1667 445 1732 quod
473 1686 619 1733 usque
655 1669 704 1714 in
738 1668 1024 1716 hodiernum
1048 1668 1174 1716 diem
1197 1666 1447 1732 magnifice
1479 1685 1561 1712 su-

137 1742 386 1789 blimatum
431 1745 648 1809 quotidie
680 1746 847 1792 crescit
884 1747 969 1809 (3).
1011 1745 1137 1791 Dum
1169 1744 1367 1809 praefata
1403 1745 1561 1807 itaque

137 1821 363 1868 desolatio
406 1822 718 1885 perduraret,
768 1834 814 1870 et
853 1823 1070 1871 Cassinus
1112 1825 1250 1870 Mons
1293 1821 1561 1869 cultoribus

139 1909 334 1954 careret,
353 1899 660 1945 Floriacensis
680 1899 849 1947 domus
868 1902 1059 1948 volente
1079 1901 1179 1947 Deo
1201 1900 1346 1946 ditata
1367 1911 1434 1946 est
1453 1916 1560 1962 pre-

143 1975 262 2021 tioso
287 1992 488 2039 corpore
516 1978 745 2040 praecipui
770 1978 916 2041 patris
939 1977 1207 2033 Benedicti3
1243 1979 1374 2040 cujus
1401 1987 1559 2021 trans-

141 2053 367 2099 lationem.
385 2053 607 2118 Cisalpini
633 2054 893 2102 coenobitae
913 2055 1111 2120 singulis
1128 2056 1264 2102 annis
1281 2055 1558 2101 solemniter

185 2237 234 2281 (1)
262 2236 383 2282 Voyez
404 2236 436 2271 le
457 2238 547 2271 recit
565 2237 610 2271 de
630 2243 724 2271 cette
745 2237 960 2272 translation
977 2237 1067 2272 dans
1086 2237 1136 2272 les
1157 2237 1253 2271 Acta
1271 2236 1340 2270 SS.
1357 2235 1498 2270 ordinis
1520 2236 1557 2269 S.

143 2294 348 2337 Benedicti,
369 2302 395 2329 t.
418 2308 452 2330 11.
474 2296 534 2331 On
554 2295 585 2329 la
602 2303 774 2343 rapporte
794 2299 813 2330 a
832 2295 971 2331 l'annee
985 2296 1067 2331 655.

187 2357 237 2397 μ)
268 2356 355 2389 Vita
378 2356 414 2389 S.
438 2356 631 2390 Benedicti
647 2357 786 2399 abbat„
810 2368 889 2403 cap.
909 2369 994 2390 xvu.

188 2413 236 2459 (5)
264 2414 376 2449 Notre
395 2422 526 2449 auteur
545 2416 644 2462 place
663 2416 696 2450 la
716 2416 942 2450 devastation
961 2416 1011 2450 du
1032 2422 1134 2449 mont
1148 2414 1275 2449 Cassin
1294 2419 1397 2447 cntre
1414 2411 1445 2445 la
1462 2417 1560 2444 mort

142 2474 186 2507 dc
200 2474 299 2517 Clcs,
322 2474 512 2509 (lcuxiss‘me
530 2476 582 2509 roi
603 2475 664 2510 des
688 2476 885 2511 Lombards
899 2475 932 2521 (5
947 2476 1089 2522 janvier
1106 2473 1207 2522 575),
1226 2480 1263 2507 ct
1275 2472 1309 2506 la
1326 2471 1494 2517 majoritc¹
1515 2470 1560 2504 de

143 2544 205 2566 son
228 2532 279 2565 [ils
297 2532 472 2566 Autharis
486 2531 609 2579 (584).
631 2535 699 2568 Cot
718 2537 933 2569 eveneinent
950 2534 1067 2580 paruit
1084 2546 1128 2567 en
1148 2532 1232 2566 ess'et
1250 2531 1326 2565 etro
1345 2529 1461 2563 arrivc
1479 2540 1557 2562 vers

142 2590 209 2627 582
227 2603 308 2625 sous
327 2591 644 2626 l'administration
659 2593 704 2627 dc
717 2594 882 2635 Bonitus,
900 2593 1107 2640 cinquicme
1122 2592 1213 2626 abbe
1228 2590 1277 2623 du
1296 2595 1400 2623 mont
1413 2588 1554 2622 Cassin.

143 2650 193 2683 (Ic
212 2650 267 2684 fut
289 2661 366 2684 vers
392 2661 457 2697 720
474 2662 544 2697 quc
571 2651 664 2684 saint
683 2651 864 2685 petronax
888 2651 964 2698 (qui
985 2651 1040 2685 n’a
1061 2650 1190 2695 jamais
1210 2650 1268 2683 etc
1292 2647 1444 2694 cchue,
1466 2646 1555 2679 mais

144 2707 234 2741 abbe
254 2708 301 2742 (lu
321 2715 423 2742 mont
441 2708 580 2753 cassin)
598 2721 806 2755 connnenca
822 2712 837 2742 Ξι
857 2709 992 2744 relevor
1010 2709 1060 2743 les
1081 2709 1201 2742 minvs
1221 2707 1264 2740 (le
1280 2718 1318 2740 cc
1334 2705 1550 2739 monastero

148 2766 173 2802 ll
198 2780 213 2799 v
232 2775 379 2803 mourut
399 2768 430 2802 lo
449 2768 469 2800 f>
490 2769 557 2802 mai
573 2796 580 2809 ‚
603 2781 678 2802 vers
698 2767 776 2816 750.
