1951 3194
458 240 536 277 382
825 239 1067 277 HISTORIA
1098 238 1497 279 ECCLESIASTICA.
1590 243 1861 292 [1077-1078]

455 316 520 362 ris
540 316 781 363 multoties
799 316 1091 379 permiscuit.
1112 315 1437 376 Querimoniae
1452 336 1564 366 vero
1581 322 1679 383 ejus
1698 338 1721 366 a
1740 321 1863 366 mul-

457 393 516 439 tis
534 392 739 440 libenter
755 391 1085 450 audiebantur,
1108 402 1154 439 et
1172 411 1196 439 a
1217 393 1354 459 largis
1373 393 1632 442 baronibus
1651 397 1691 443 ei
1715 397 1865 444 multa

455 488 654 517 munera
669 469 921 518 dabantur.
938 472 1091 519 Porro
1109 471 1203 527 ille,
1224 489 1332 537 quae
1348 471 1406 518 ab
1419 473 1578 519 amicis
1592 473 1864 521 liberalibus

455 547 512 592 ad
536 545 798 593 subsidium
822 547 891 593 sui
919 546 1203 612 accipiebat,
1235 547 1545 595 histrionibus
1576 559 1624 596 et
1652 550 1865 614 parasitis

455 641 507 670 ac
535 624 864 671 meretricibus
896 625 1174 689 insipienter
1198 624 1534 682 distribuebat-3
1570 625 1743 690 quibus
1773 628 1867 673 im-

454 702 653 766 provide
677 702 940 761 distractis,
967 713 1167 768 egestate
1197 705 1325 769 gravi
1352 721 1644 769 compressus
1674 704 1866 752 mendi—

457 778 618 837 cabat,
647 790 694 827 et
723 797 784 826 aes
808 780 1015 827 alienum
1041 780 1100 826 ab
1125 781 1331 828 externis
1361 779 1736 828 foeneratoribus
1759 780 1867 828 exul

456 875 629 923 egenus
652 857 950 923 quaeritabat.

521 934 763 982 Mathildis
787 936 973 1000 regina,
1005 935 1104 983 filio
1136 946 1348 982 materna
1371 935 1662 999 compatiens
1685 952 1742 981 ex
1764 935 1868 998 pie-

457 1023 582 1070 tate,
621 1014 833 1078 ingentes
867 1023 1082 1076 sumptus
1117 1014 1218 1058 auri
1251 1023 1298 1060 et
1329 1013 1541 1078 argenti,
1578 1013 1868 1078 aliarumque

457 1108 620 1137 rerum
647 1090 963 1153 pretiosarum
989 1090 1030 1137 ei
1056 1107 1179 1154 saepe
1203 1088 1423 1137 mittebat
1439 1125 1452 1147 ,
1479 1107 1588 1154 rege
1611 1090 1865 1137 nesciente.

460 1167 600 1227 Quod
625 1165 708 1212 ubi
734 1167 830 1230 ipse
855 1166 1132 1230 comperiit,
1162 1167 1203 1214 ei
1226 1184 1285 1214 ne
1304 1166 1504 1213 ulterius
1526 1167 1741 1223 iteraret,
1770 1176 1871 1213 ter-

457 1241 664 1290 ribiliter
691 1241 957 1307 prohibuit.
992 1243 1074 1289 Illa
1104 1243 1276 1290 iterum
1305 1242 1467 1290 eadem
1498 1243 1762 1305 procaciter
1791 1259 1870 1288 re-

457 1332 672 1385 petente,
702 1321 846 1367 iratus
869 1338 953 1367 rex
975 1320 1095 1367 dixit
1117 1342 1126 1366 :
1161 1322 1288 1367 Vera
1310 1332 1378 1367 est
1401 1320 1661 1385 cujusdam
1685 1321 1871 1385 sapien-

459 1400 515 1443 tis
539 1399 834 1462 nimiamque
859 1397 974 1444 mila·
991 1397 1256 1462 probabilis
1280 1398 1480 1443 assertio
1503 1416 1512 1441 .·

647 1513 902 1560 Natffragium
921 1527 1042 1548 rerum
1058 1520 1111 1547 est
1133 1514 1263 1548 mulier
1281 1513 1455 1560 malefida
1473 1516 1613 1547 marito.

465 1616 586 1678 Quis
626 1615 820 1662 alterius
856 1619 905 1661 in
945 1615 1032 1661 hoe
1067 1616 1247 1662 mundo
1274 1615 1441 1678 fidam
1488 1616 1581 1662 sibi
1622 1627 1665 1661 et
1710 1615 1869 1662 utilem

460 1694 645 1740 sociam
679 1693 918 1758 reperiet?
953 1694 1035 1739 En
1071 1692 1363 1740 collateralis
1390 1711 1496 1739 mea
1530 1694 1708 1758 (quam
1742 1694 1870 1740 velat

461 1770 677 1815 animam
702 1787 855 1816 meam
881 1769 1056 1833 diligo,
1078 1787 1225 1834 quam
1247 1769 1464 1815 omnibus
1483 1770 1623 1833 gazis
1647 1781 1691 1816 et
1704 1780 1870 1834 potes-

461 1847 638 1893 tatibus
662 1849 711 1893 in
732 1858 823 1894 toto
838 1846 1041 1912 prceseei
1057 1865 1203 1911 regno
1225 1848 1343 1910 meo)
1360 1849 1577 1894 inimicos
1602 1865 1729 1894 meos
1748 1849 1869 1894 insi-

459 1924 652 1970 diantes
675 1926 791 1970 vitoe
819 1941 938 1970 meoe
961 1934 1220 1983 sustentat,
1246 1924 1416 1989 opibus
1439 1927 1554 1972 meis
1579 1942 1870 1988 summopere

460 2001 613 2060 ditat,
642 2013 685 2048 et
709 2013 877 2049 eontra
899 2003 1103 2048 salutem
1127 2020 1284 2048 meam
1306 2000 1519 2049 studiose
1543 2012 1723 2060 armat,
1752 2019 1870 2049 con-

461 2081 650 2128 solatur
677 2098 738 2127 ac·
771 2080 980 2127 roborat.
1017 2080 1088 2126 Ad
1123 2079 1224 2126 haec
1259 2079 1334 2125 illa
1369 2079 1614 2144 respondit
1647 2101 1656 2125 ε
1684 2080 1761 2127 Ne
1785 2081 1870 2125 mi-

462 2162 600 2215 reris,
628 2159 819 2204 domine
843 2159 911 2203 mi
919 2195 935 2214 Ι.
957 2158 1150 2205 obsecro
1161 2196 1178 2216 ,
1205 2159 1249 2204 si
1268 2175 1354 2221 ego
1371 2158 1745 2222 primogenitam
1758 2174 1869 2222 pro-

463 2236 554 2282 lem
577 2253 734 2282 meam
761 2247 913 2282 tenere
943 2235 1110 2300 diligo.
1136 2237 1236 2282 Per
1263 2239 1483 2282 virtatem
1506 2235 1747 2282 Altissimi
1765 2235 1835 2298 (ι)
1846 2272 1862 2292 ,

460 2315 505 2359 si
539 2313 807 2360 Rodbertas
844 2331 974 2360 meas
1009 2325 1217 2360 mortalis
1252 2324 1399 2372 esset,
1439 2324 1483 2359 et
1515 2314 1564 2359 in
1603 2316 1695 2359 imo
1732 2323 1865 2358 terrae

459 2403 634 2456 septem
644 2391 855 2457 pedibas
875 2391 935 2438 ab
954 2392 1106 2438 oeulis
1124 2393 1297 2437 viventi
1301 2410 1376 2437 um
1398 2391 1706 2438 absconditas
1725 2400 1860 2445 esset,

507 2615 556 2658 (1)
582 2613 612 2647 Il
632 2612 747 2660 parait
765 2625 835 2660 que
852 2613 971 2648 c⁷etait
990 2613 1022 2648 la
1039 2613 1194 2648 sci-mule
1213 2625 1283 2660 que
1306 2613 1338 2647 la
1356 2613 1455 2648 reine
1474 2611 1651 2647 Mathilde
1668 2610 1861 2657 employait

463 2671 550 2704 dans
570 2684 622 2706 ses
640 2679 834 2717 serments,
862 2685 1001 2708 comme
1017 2673 1227 2709 Guillaume
1244 2672 1357 2718 jurait
1374 2685 1437 2719 par
1455 2672 1486 2708 la
1502 2671 1694 2719 splendeur
1709 2670 1753 2705 ‹le
1769 2671 1862 2705 Dieu

462 2732 545 2775 (par
564 2731 594 2764 la
615 2732 827 2776 resplemlor
847 2733 935 2777 De').
