1951 3194
337 271 389 308 [5ss
702 265 941 304 HISTORIA
972 263 1371 301 ECCLESIASTICA.
1603 265 1740 313 [1058]

338 348 451 394 tiam
475 346 633 392 Sancti
659 344 839 391 Nicolai
871 340 1152 388 confessoris
1177 341 1457 405 Myreorum
1484 340 1742 405 archiprae-

337 425 449 472 sulis
490 422 732 471 conditam
771 420 1058 466 invenerunt
1097 418 1186 482 (1).
1237 418 1451 482 Cumque
1499 417 1741 466 ecclesiam

337 503 639 556 introissent,
673 498 832 562 ibique
854 507 999 561 prout
1032 496 1235 542 coelestis
1261 496 1407 560 gratia
1439 496 1632 559 singulis
1666 496 1741 542 in-

335 582 591 645 spiraverat
628 579 781 623 Deum
822 584 1059 631 orassent,
1103 573 1387 621 Teodericus
1427 583 1534 636 post
1571 573 1742 619 multas

334 659 563 722 lacrymas
596 654 653 700 de
686 654 902 700 oratione
939 653 1169 710 surrexit,
1197 663 1243 698 et
1271 651 1433 698 labore
1456 651 1708 698 senectutis
1725 686 1737 707 ,

334 734 570 799 taedioque
600 732 764 789 maris,
797 731 991 796 aliisque
1029 730 1343 777 incommodis
1369 729 1547 775 fractus
1580 730 1626 775 in
1660 746 1742 774 ec-

334 812 469 860 clesia
490 811 656 857 anxius
681 809 868 856 resedit.
895 810 1033 854 Tunc
1064 807 1123 853 ab
1152 809 1373 872 episcopo
1399 807 1485 853 sibi
1517 806 1743 853 fidissimo

334 890 508 937 comite
533 887 648 952 quid
676 886 761 932 sibi
796 887 1065 950 contigisset
1095 904 1203 931 cum
1233 886 1624 949 interrogaretur,
1649 902 1744 931 res·

331 967 500 1034 pondit
528 987 537 1012 :
572 968 859 1012 Terrestrem
884 964 1176 1021 Jerusalem,
1210 965 1278 1009 mi
1304 974 1458 1027 pater,
1491 963 1629 1009 adire
1654 961 1743 1007 de-

333 1046 457 1091 crevi
465 1080 478 1101 ,
497 1043 584 1089 sed
598 1041 740 1088 eredo
756 1041 875 1086 mila·
893 1040 1034 1086 aliter
1051 1058 1081 1086 a
1102 1040 1308 1086 Domino
1326 1040 1538 1104 disponi.
1559 1039 1746 1085 Anxie-

333 1133 428 1168 tate
459 1120 672 1185 eorporis
708 1118 857 1165 valde
894 1119 1084 1164 crucior
1094 1138 1113 1173 ,·
1158 1117 1284 1163 unde
1321 1116 1554 1163 eoelestem
1587 1117 1741 1177 magis

331 1216 479 1262 quam
515 1207 776 1242 terrestrem
807 1194 1077 1241 Jerusalem
1113 1192 1437 1258 appetendam
1473 1210 1572 1239 esse
1613 1191 1742 1238 arbi-

332 1287 446 1322 tror.
475 1274 562 1320 Cui
585 1274 829 1336 episcopus
855 1272 920 1317 ait
949 1291 957 1316 :
986 1272 1123 1334 Ego,
1151 1271 1412 1330 carissime
1418 1268 1589 1329 frater,
1616 1287 1743 1315 nune

331 1353 408 1399 ibo
432 1351 691 1415 hospitium
710 1348 800 1394 tibi
815 1365 1103 1413 procurare,
1132 1358 1175 1393 et
1200 1357 1248 1391 ta
1272 1348 1457 1392 interim
1478 1345 1556 1392 hic
1574 1346 1743 1392 sedens

335 1434 587 1494 requiesce.
627 1426 890 1490 Episcopus
929 1426 1086 1488 itaque
1120 1423 1379 1487 hospitium
1409 1422 1496 1468 sibi
1528 1440 1742 1488 quaerere

334 1506 566 1571 perrexit,
597 1515 644 1550 et
672 1503 958 1550 Teodericus
980 1501 1036 1546 ad
1061 1501 1206 1546 altare
1231 1501 1445 1556 accessit,
1473 1499 1633 1564 ibique
1661 1498 1744 1545 diu

333 1585 510 1640 Deum,
538 1582 612 1628 cui
638 1580 696 1626 ab
725 1580 922 1626 infantia
948 1578 1149 1625 fideliter
1174 1579 1420 1635 servierat,
1452 1579 1621 1625 oravit.
1649 1578 1744 1624 De-

337 1663 445 1709 inde
470 1677 630 1707 coram
661 1659 794 1704 altari
826 1676 872 1704 se
895 1657 952 1703 ad
975 1657 1219 1703 Orientem
1250 1657 1527 1720 prostravit,
1562 1673 1743 1720 pannos

337 1742 459 1786 circa
484 1757 530 1785 se
556 1738 751 1784 honeste
783 1736 1076 1799 composuit,
1104 1753 1244 1798 super
1268 1734 1489 1780 dextrum
1513 1734 1633 1780 latus
1664 1752 1743 1781 re-

338 1817 513 1863 cubans
527 1851 537 1871 ,
561 1815 689 1880 quasi
710 1813 920 1860 dormire
943 1813 1129 1872 volens,
1151 1824 1291 1876 caput
1308 1830 1445 1858 suum
1469 1830 1607 1877 super
1625 1830 1745 1859 mar-

337 1910 556 1941 moreum
589 1890 786 1957 gradum
816 1890 1086 1946 reclinavit,
1120 1907 1380 1955 manusque
1411 1907 1552 1953 super
1582 1899 1744 1953 pectus

339 1973 387 2018 in
412 1968 608 2018 modum
637 1968 787 2014 crucis
811 1967 1010 2031 aptavit,
1038 1968 1194 2032 sicque
1224 1966 1317 2013 kal.
1351 1966 1532 2031 augusti
1559 1965 1743 2013 fidelem

340 2048 560 2111 spiritum
581 2048 679 2092 Deo
704 2045 904 2091 creatori
929 2043 1150 2091 reddidit.

403 2124 660 2189 Episcopus
679 2132 836 2168 autem
857 2122 1063 2185 hospitio
1080 2133 1346 2185 praeparato
1368 2121 1641 2166 ministrum
1665 2119 1747 2166 ho-

389 2350 437 2393 (1)
462 2347 512 2381 Ce
527 2351 611 2393 port
624 2345 742 2391 parait
757 2345 858 2378 avoir
872 2343 1121 2389 correspondu
1139 2355 1183 2377 au
1200 2342 1275 2376 lieu
1292 2343 1440 2376 nomme
1457 2354 1522 2388 par
1541 2341 1591 2375 lcs
1608 2341 1747 2376 Arabes

342 2405 552 2452 Soucydya,
580 2404 674 2438 sitne
691 2415 752 2437 sur
770 2402 803 2436 la
823 2402 901 2436 cote
919 2401 1200 2448 septentrionale
1219 2400 1268 2434 du
1293 2400 1387 2447 golfe
1413 2400 1529 2435 forme
1556 2413 1621 2446 par
1643 2399 1744 2435 l'em-

343 2465 531 2500 bouchure
549 2462 593 2497 de
613 2462 795 2497 l’Oronte.
819 2461 891 2495 Son
913 2472 996 2495 nom
1017 2460 1203 2507 proveuait
1222 2459 1267 2493 de
1286 2460 1379 2494 saint
1403 2460 1549 2494 Simeon
1567 2458 1696 2505 Stylite
1712 2458 1746 2493 le

339 2524 469 2568 jeune,
500 2522 564 2569 qui
590 2526 741 2555 mourut
762 2531 840 2553 vers
861 2517 929 2565 592
956 2518 1043 2552 dans
1063 2530 1112 2553 un
1130 2518 1333 2552 monastere
1352 2518 1447 2551 situe
1465 2518 1547 2564 pres
1564 2516 1609 2550 de
1633 2516 1678 2550 la.
1703 2536 1745 2540 -—

345 2582 445 2616 Nous
463 2581 609 2615 n⁷avons
636 2592 685 2626 pu
701 2578 871 2626 jusqu⁷ici
901 2585 1047 2612 trouver
1065 2589 1201 2612 aucuns
1227 2577 1536 2623 renseigneinents
1564 2587 1625 2609 sur
1651 2581 1746 2608 cette

344 2641 478 2686 abbaye
502 2640 546 2674 de
575 2639 837 2675 saint-Nicolas
857 2637 945 2672 dans
966 2637 1037 2672 l'ile
1061 2637 1105 2671 dc
1132 2638 1278 2683 Chypre
1299 2649 1369 2683 que
1399 2634 1534 2682 signale
1560 2634 1604 2667 ici
1641 2640 1745 2667 notre

341 2706 481 2732 auteur.
499 2698 527 2731 ΙΙ
542 2712 563 2743 y
577 2698 688 2732 cxiste
704 2710 752 2731 nn
766 2697 836 2731 lieu
856 2697 1000 2730 nomme
1017 2708 1078 2730 sur
1093 2695 1141 2730 les
1155 2702 1269 2730 cartes
1284 2692 1560 2733 Saint—Nicolas‚
1577 2698 1613 2726 ct
1629 2691 1742 2725 voisin

342 2759 391 2792 du
410 2770 474 2803 cap
490 2757 737 2792 saint-Andre
751 2758 844 2792 situc
858 2759 877 2790 a
890 2756 922 2791 la
941 2756 1065 2802 pointc
1085 2754 1363 2802 septentrionale
1376 2753 1420 2787 de
1433 2752 1515 2786 l'ile.
