1951 3194
180 283 294 329 [x1v0.
318 290 399 316 ocr.
427 277 545 326 1066]
670 275 823 313 LIBER
852 275 1087 313 TERTIUS.
1514 277 1589 314 147

177 357 401 404 consiliis.
418 355 603 403 Bellum
617 355 824 403 secundo
839 355 940 401 idus
955 353 1165 403 octobris
1178 353 1293 401 hora
1311 356 1450 401 tertia
1464 373 1591 402 com-

177 436 374 482 missum
391 444 484 491 est,
514 444 708 499 totaque
731 433 805 480 die
829 432 886 479 ad
908 433 1174 480 multorum
1193 432 1401 478 millium
1425 435 1592 497 perni—

179 513 298 560 ciem
325 531 381 560 ex
409 523 610 576 utraque
633 521 767 575 parte
798 511 1026 557 acerrime
1054 521 1320 575 pugnatum
1357 520 1442 557 est.
1486 511 1593 556 Dux

179 590 574 637 Normannorum
598 589 779 652 pedites
811 589 989 652 sagittis
1020 600 1225 635 armatos
1255 599 1302 635 et
1329 587 1507 634 balistis
1545 590 1594 634 in

180 666 340 714 fronte
383 667 584 723 locavit,
623 666 736 711 item
780 664 959 728 pedites
996 665 1218 712 loricatos
1244 665 1453 712 secundo
1488 665 1597 711 loco

181 745 456 802 constituit,
500 743 547 788 in
587 742 759 788 ultimo
799 752 976 787 turmas
1014 743 1258 806 equitum,
1297 744 1345 789 in
1387 760 1597 807 quorum

181 822 338 869 medio
361 821 454 867 fuit
492 821 588 884 ipse
617 819 713 865 dux
736 837 846 866 cum
870 819 1143 867 firmissimo
1170 821 1372 878 robore,
1400 821 1526 868 unde
1547 821 1596 867 in

181 916 375 945 omnem
396 908 581 961 partem
603 897 872 944 consuleret
888 914 1004 944 voce
1021 908 1068 944 et
1091 915 1254 943 manu.

245 977 283 1022 E
303 986 468 1022 contra
489 993 544 1022 ex
563 973 788 1022 omnibus
807 974 1018 1039 undique
1041 975 1317 1040 regionibus
1337 976 1486 1039 copiee
1506 976 1604 1022 An-

180 1053 371 1117 glorum
387 1051 444 1098 ad
462 1052 619 1099 locum
632 1088 648 1111 ,
665 1051 746 1116 qui
765 1050 930 1098 Senlac
948 1051 1210 1116 antiquitus
1227 1051 1487 1098 vocabatur
1507 1053 1526 1115 ζ
1536 1072 1547 1098 1
1559 1053 1576 1114 >
1590 1088 1602 1109 ‚

183 1140 535 1188 convenerant,
580 1128 886 1193 studiumque
929 1146 1065 1174 suum
1102 1147 1208 1192 pars
1250 1129 1481 1185 Hemldo,
1527 1130 1602 1175 sed

184 1208 345 1253 cuncti
392 1208 559 1271 patriae
610 1205 902 1270 praestabant
917 1242 931 1263 ‚
973 1224 1114 1271 quam
1151 1218 1317 1253 contra
1358 1218 1606 1254 extraneos

185 1283 426 1330 defensare
449 1282 690 1330 volebant.
721 1282 791 1329 Ibi
818 1283 1040 1347 protinus
1065 1300 1302 1347 equorum
1325 1301 1467 1346 opem
1490 1283 1608 1330 reli-

186 1371 424 1425 querunt,
459 1361 714 1424 cunctique
743 1361 924 1424 pedites
956 1359 1145 1407 densius
1183 1359 1457 1424 conglobati
1494 1377 1606 1407 con-

189 1439 432 1485 stiterunt.
457 1439 711 1484 Turstinus
737 1438 860 1484 filius
886 1438 1103 1485 Rollonis
1128 1439 1354 1484 vexillum
1372 1439 1609 1485 Norman—

189 1534 364 1563 norum
380 1517 590 1580 portavit
608 1518 698 1579 (2).
713 1516 962 1563 Terribilis
980 1517 1421 1582 clangorlituorum
1434 1536 1608 1583 pugnae

190 1595 319 1660 signa
335 1595 578 1659 utrimque
603 1595 792 1642 cecinit.
822 1595 1217 1646 Norinannorum
1241 1596 1404 1642 alacris
1420 1596 1610 1642 audacia

189 1690 361 1737 pugnae
395 1673 686 1737 principium
723 1673 869 1720 dedit.
914 1673 1097 1720 Pedites
1142 1674 1300 1738 itaque
1339 1674 1608 1720 Normanni

190 1749 385 1812 propius
419 1749 687 1796 accedentes
712 1750 891 1814 Anglos
914 1760 1204 1814 provocant,
1236 1760 1283 1797 et
1306 1751 1356 1797 in
1392 1767 1470 1797 eos
1494 1750 1610 1796 mis—

192 1824 354 1871 silibus
375 1825 568 1872 vulnera
595 1843 853 1891 necemque
876 1826 1111 1891 dirigunt.
1135 1827 1207 1872 Illi
1229 1837 1395 1873 contra
1414 1826 1610 1873 fortiter

193 1919 290 1965 quo
334 1903 532 1966 quisque
573 1903 699 1949 valet.
744 1904 935 1967 ingenio
976 1905 1273 1950 restiterunt.
1318 1903 1610 1967 Aliquandiu

196 1996 375 2025 summa
403 1981 445 2024 vi
478 1992 685 2026 certatur
713 1980 771 2025 ab
806 1982 1038 2047 utrisque.
1078 1983 1311 2028 Pertinaci
1340 1981 1605 2046 Anglorum

197 2057 371 2102 saevitia
395 2058 636 2120 perterriti
662 2058 838 2122 pedites
865 2060 1042 2122 pariter
1061 2060 1337 2124 equitesque
1361 2060 1606 2116 Britanni,

198 2147 243 2180 et
268 2145 508 2198 quotquot
536 2135 781 2181 auxiliares
807 2147 942 2183 erant
966 2138 1014 2183 in
1046 2138 1239 2184 sinistro
1266 2155 1446 2195 cornu,
1476 2155 1612 2183 aver-

201 2221 386 2268 tumtur,
414 2222 461 2258 et
490 2212 588 2258 fere
617 2223 783 2258 cuncta
811 2212 941 2258 ducis
958 2214 1095 2274 acies,
1123 2215 1344 2260 eumdem
1361 2218 1460 2278 jam
1479 2215 1613 2261 occi—

201 2306 303 2333 sum
336 2288 552 2348 medem,
584 2289 723 2336 cedit.
760 2290 864 2336 Dux
893 2302 1051 2337 autem
1085 2292 1377 2355 prospiciens
1412 2292 1613 2336 militam

251 2435 300 2481 (1)
327 2439 358 2469 A
376 2447 398 2481 9
418 2435 533 2469 milles
549 2436 593 2470 de
613 2438 804 2484 Hastings,
828 2439 970 2472 suivant
987 2446 1069 2473 tous
1088 2439 1139 2472 les
1159 2438 1356 2472 historiens
1374 2436 1524 2482 anglais.

250 2496 300 2539 (2)
327 2495 467 2540 Voyez,
485 2494 572 2529 dans
587 2496 620 2530 lc
633 2498 775 2531 Roman
790 2498 835 2532 de
852 2499 948 2540 Bou,
967 2505 989 2532 t.
1007 2510 1030 2532 11
1043 2527 1051 2541 ‚
1070 2511 1106 2545 p.
1129 2496 1193 2544 195
1212 2504 1248 2532 et
1267 2497 1459 2537 suivantes‚
1479 2495 1529 2530 les
1544 2496 1614 2529 cir-

205 2561 414 2588 constanccs
434 2553 496 2600 qui
513 2556 722 2589 ameni-rent
740 2569 779 2590 ce
796 2568 1021 2602 personnage
1034 2559 1053 2590 ἐι
1070 2557 1266 2591 l’honneur
1282 2555 1327 2589 de
1346 2561 1471 2601 porter
1485 2554 1614 2589 Peten—

208 2614 297 2649 dard
313 2614 358 2648 de
377 2613 593 2648 Guillaurne.
613 2614 763 2649 Suivant
785 2617 917 2658 Wace‚
944 2629 982 2650 ce
1003 2616 1111 2650 serait
1128 2615 1327 2649 Petendard
1347 2615 1482 2660 envoye'
1500 2627 1564 2660 par
1584 2614 1616 2647 lo

209 2686 298 2721 pape
316 2674 379 2721 qui
393 2673 444 2707 lui
464 2674 583 2707 aurait
600 2675 657 2708 etc'
670 2675 797 2708 confie.

255 2734 321 2769 Cet
344 2740 473 2767 auteur
497 2745 587 2768 nous
606 2733 769 2780 apprend
787 2746 918 2768 encore
944 2733 1033 2781 qu'il
1051 2735 1139 2768 etait
1156 2734 1353 2780 originaire
1370 2732 1421 2768 du
1440 2733 1618 2768 Bec-aux-

211 2791 410 2834 Cauchois,
432 2792 742 2826 arrondissement
760 2792 935 2826 ‹l’Yvet0t.
957 2791 987 2826 ll
1014 2799 1117 2838 retgut
1137 2792 1180 2827 dc
1204 2792 1235 2826 la
1255 2792 1551 2826 reconnaissance
1569 2791 1616 2824 du

214 2852 439 2897 conquerant
460 2851 520 2886 dix
542 2853 698 2887 nianoirs
724 2860 753 2885 (Ἰ
777 2865 825 2886 un
846 2852 1068 2886 arribrc-fics.
