<?xml version="1.0" encoding="UTF-8"?>
<!DOCTYPE html PUBLIC "-//W3C//DTD XHTML 1.0 Transitional//EN"
    "http://www.w3.org/TR/xhtml1/DTD/xhtml1-transitional.dtd">
<html xmlns="http://www.w3.org/1999/xhtml" xml:lang="en" lang="en">
 <head>
  <title>
</title>
<meta http-equiv="Content-Type" content="text/html;charset=utf-8" />
  <meta name='ocr-system' content='tesseract 3.04.00' />
  <meta name='ocr-capabilities' content='ocr_page ocr_carea ocr_par ocr_line ocrx_word'/>
</head>
<body>
  <div class='ocr_page' id='page_1' title='image "./ordericivitalish02ordeuoft/ordericivitalish02ordeuoft_0311.png"; bbox 0 0 1951 3194; ppageno 0'>
   <div class='ocr_carea' id='block_1_1' title="bbox 162 240 1578 291">
    <p class='ocr_par' dir='ltr' id='par_1_1' title="bbox 162 240 1578 291">
     <span class='ocr_line' id='line_1_1' title="bbox 162 240 1578 291; baseline 0.002 -12"><span class='ocrx_word' id='word_1_1' title='bbox 162 243 299 291; x_wconf 86' lang='lat'><em>[1071]</em></span> <span class='ocrx_word' id='word_1_2' title='bbox 644 240 796 279; x_wconf 79' lang='lat' dir='ltr'>LIBER</span> <span class='ocrx_word' id='word_1_3' title='bbox 827 240 1081 290; x_wconf 84' lang='lat' dir='ltr'><strong>QUARTUS.</strong></span> <span class='ocrx_word' id='word_1_4' title='bbox 1500 246 1578 282; x_wconf 81' lang='lat'>217</span> 
     </span>
    </p>
   </div>
   <div class='ocr_carea' id='block_1_2' title="bbox 154 319 1583 2093">
    <p class='ocr_par' dir='ltr' id='par_1_2' title="bbox 154 319 1582 1238">
     <span class='ocr_line' id='line_1_2' title="bbox 162 319 1580 386; baseline 0.003 -21"><span class='ocrx_word' id='word_1_5' title='bbox 162 319 452 366; x_wconf 85' lang='lat' dir='ltr'>Normannis</span> <span class='ocrx_word' id='word_1_6' title='bbox 481 329 528 366; x_wconf 88' lang='lat' dir='ltr'>et</span> <span class='ocrx_word' id='word_1_7' title='bbox 563 321 754 367; x_wconf 86' lang='lat' dir='ltr'>Francis</span> <span class='ocrx_word' id='word_1_8' title='bbox 789 332 922 368; x_wconf 89' lang='lat' dir='ltr'>ortus</span> <span class='ocrx_word' id='word_1_9' title='bbox 959 331 1055 378; x_wconf 85' lang='lat' dir='ltr'>est,</span> <span class='ocrx_word' id='word_1_10' title='bbox 1083 321 1166 386; x_wconf 85' lang='lat' dir='ltr'>qui</span> <span class='ocrx_word' id='word_1_11' title='bbox 1204 338 1311 368; x_wconf 88' lang='lat' dir='ltr'>eum</span> <span class='ocrx_word' id='word_1_12' title='bbox 1343 321 1473 368; x_wconf 87' lang='lat' dir='ltr'>velut</span> <span class='ocrx_word' id='word_1_13' title='bbox 1501 340 1580 369; x_wconf 92' lang='lat' dir='ltr'>so-</span> 
     </span>
     <span class='ocr_line' id='line_1_3' title="bbox 163 398 1576 463; baseline 0.003 -21"><span class='ocrx_word' id='word_1_14' title='bbox 163 398 287 443; x_wconf 90' lang='lat' dir='ltr'>cium</span> <span class='ocrx_word' id='word_1_15' title='bbox 315 415 394 444; x_wconf 86' lang='lat' dir='ltr'>seu</span> <span class='ocrx_word' id='word_1_16' title='bbox 421 409 675 462; x_wconf 78' lang='lat' dir='ltr'>cognatum</span> <span class='ocrx_word' id='word_1_17' title='bbox 711 416 816 444; x_wconf 91' lang='lat' dir='ltr'>cum</span> <span class='ocrx_word' id='word_1_18' title='bbox 849 399 1011 445; x_wconf 89' lang='lat' dir='ltr'>multis</span> <span class='ocrx_word' id='word_1_19' title='bbox 1043 398 1237 446; x_wconf 87' lang='lat' dir='ltr'>fletibus</span> <span class='ocrx_word' id='word_1_20' title='bbox 1268 398 1576 463; x_wconf 85' lang='lat' dir='ltr'>planxerunt.</span> 
     </span>
     <span class='ocr_line' id='line_1_4' title="bbox 161 473 1580 539; baseline 0.001 -19"><span class='ocrx_word' id='word_1_21' title='bbox 161 474 282 520; x_wconf 80' lang='lat' dir='ltr'>Nam</span> <span class='ocrx_word' id='word_1_22' title='bbox 325 473 448 521; x_wconf 88' lang='lat' dir='ltr'>idem</span> <span class='ocrx_word' id='word_1_23' title='bbox 496 475 582 537; x_wconf 82' lang='lat' dir='ltr'>(ut</span> <span class='ocrx_word' id='word_1_24' title='bbox 626 492 766 539; x_wconf 88' lang='lat' dir='ltr'>supra</span> <span class='ocrx_word' id='word_1_25' title='bbox 810 475 990 521; x_wconf 84' lang='lat' dir='ltr'>dictum</span> <span class='ocrx_word' id='word_1_26' title='bbox 1037 477 1136 538; x_wconf 78' lang='lat' dir='ltr'>est)</span> <span class='ocrx_word' id='word_1_27' title='bbox 1176 475 1331 523; x_wconf 83' lang='lat' dir='ltr'>fuerat</span> <span class='ocrx_word' id='word_1_28' title='bbox 1373 494 1427 523; x_wconf 88' lang='lat' dir='ltr'>ex</span> <span class='ocrx_word' id='word_1_29' title='bbox 1469 476 1580 523; x_wconf 88' lang='lat' dir='ltr'>reli-</span> 
     </span>
     <span class='ocr_line' id='line_1_5' title="bbox 159 552 1581 618; baseline 0.001 -20"><span class='ocrx_word' id='word_1_30' title='bbox 159 553 284 617; x_wconf 82' lang='lat' dir='ltr'>giosa</span> <span class='ocrx_word' id='word_1_31' title='bbox 310 553 548 617; x_wconf 80' lang='lat' dir='ltr'>parentela</span> <span class='ocrx_word' id='word_1_32' title='bbox 569 563 732 611; x_wconf 81' lang='lat' dir='ltr'>natus,</span> <span class='ocrx_word' id='word_1_33' title='bbox 759 552 1017 617; x_wconf 85' lang='lat' dir='ltr'>multisque</span> <span class='ocrx_word' id='word_1_34' title='bbox 1038 553 1178 602; x_wconf 89' lang='lat' dir='ltr'>bonis</span> <span class='ocrx_word' id='word_1_35' title='bbox 1200 553 1409 610; x_wconf 87' lang='lat' dir='ltr'>deditus,</span> <span class='ocrx_word' id='word_1_36' title='bbox 1434 564 1581 618; x_wconf 88' lang='lat' dir='ltr'>prout</span> 
     </span>
     <span class='ocr_line' id='line_1_6' title="bbox 159 630 1580 695; baseline -0.001 -18"><span class='ocrx_word' id='word_1_37' title='bbox 159 640 347 694; x_wconf 87' lang='lat' dir='ltr'>poterat</span> <span class='ocrx_word' id='word_1_38' title='bbox 374 631 498 677; x_wconf 89' lang='lat' dir='ltr'>inter</span> <span class='ocrx_word' id='word_1_39' title='bbox 525 640 651 676; x_wconf 86' lang='lat' dir='ltr'>tanta</span> <span class='ocrx_word' id='word_1_40' title='bbox 679 630 975 676; x_wconf 82' lang='lat' dir='ltr'>saecularium</span> <span class='ocrx_word' id='word_1_41' title='bbox 997 648 1219 676; x_wconf 85' lang='lat' dir='ltr'>curarum</span> <span class='ocrx_word' id='word_1_42' title='bbox 1240 631 1580 695; x_wconf 88' lang='lat' dir='ltr'>impedimenta</span> 
     </span>
     <span class='ocr_line' id='line_1_7' title="bbox 159 707 1582 773; baseline 0 -18"><span class='ocrx_word' id='word_1_43' title='bbox 159 709 358 771; x_wconf 87' lang='lat' dir='ltr'>positus.</span> <span class='ocrx_word' id='word_1_44' title='bbox 383 710 565 773; x_wconf 87' lang='lat' dir='ltr'>Corpus</span> <span class='ocrx_word' id='word_1_45' title='bbox 588 707 944 773; x_wconf 80' lang='lat' dir='ltr'>pulchritudine</span> <span class='ocrx_word' id='word_1_46' title='bbox 966 708 1015 754; x_wconf 92' lang='lat' dir='ltr'>in</span> <span class='ocrx_word' id='word_1_47' title='bbox 1038 708 1202 754; x_wconf 89' lang='lat' dir='ltr'>multis</span> <span class='ocrx_word' id='word_1_48' title='bbox 1223 708 1435 754; x_wconf 88' lang='lat' dir='ltr'>millibus</span> <span class='ocrx_word' id='word_1_49' title='bbox 1459 709 1582 756; x_wconf 73' lang='lat' dir='ltr'>emi-</span> 
     </span>
     <span class='ocr_line' id='line_1_8' title="bbox 160 786 1580 851; baseline 0 -19"><span class='ocrx_word' id='word_1_50' title='bbox 160 786 326 844; x_wconf 82' lang='lat' dir='ltr'>nebat,</span> <span class='ocrx_word' id='word_1_51' title='bbox 353 798 399 834; x_wconf 91' lang='lat' dir='ltr'>et</span> <span class='ocrx_word' id='word_1_52' title='bbox 423 787 708 834; x_wconf 88' lang='lat' dir='ltr'>clericorum</span> <span class='ocrx_word' id='word_1_53' title='bbox 731 796 873 851; x_wconf 84' lang='lat' dir='ltr'>atque</span> <span class='ocrx_word' id='word_1_54' title='bbox 894 786 1239 833; x_wconf 86' lang='lat' dir='ltr'>monachorum</span> <span class='ocrx_word' id='word_1_55' title='bbox 1255 822 1268 843; x_wconf 92' lang='lat'>,</span> <span class='ocrx_word' id='word_1_56' title='bbox 1294 804 1580 851; x_wconf 85' lang='lat' dir='ltr'>pauperum-</span> 
     </span>
     <span class='ocr_line' id='line_1_9' title="bbox 159 865 1581 930; baseline 0.001 -20"><span class='ocrx_word' id='word_1_57' title='bbox 159 882 251 929; x_wconf 82' lang='lat' dir='ltr'>que</span> <span class='ocrx_word' id='word_1_58' title='bbox 269 865 502 930; x_wconf 78' lang='lat' dir='ltr'>benignus</span> <span class='ocrx_word' id='word_1_59' title='bbox 522 875 705 912; x_wconf 88' lang='lat' dir='ltr'>amator</span> <span class='ocrx_word' id='word_1_60' title='bbox 725 875 841 911; x_wconf 84' lang='lat' dir='ltr'>erat.</span> <span class='ocrx_word' id='word_1_61' title='bbox 860 866 953 911; x_wconf 82' lang='lat' dir='ltr'>Rex</span> <span class='ocrx_word' id='word_1_62' title='bbox 974 876 1133 912; x_wconf 85' lang='lat' dir='ltr'>autem</span> <span class='ocrx_word' id='word_1_63' title='bbox 1148 865 1433 913; x_wconf 85' lang='lat' dir='ltr'>Guillelmus</span> <span class='ocrx_word' id='word_1_64' title='bbox 1453 883 1581 913; x_wconf 90' lang='lat' dir='ltr'>com-</span> 
     </span>
     <span class='ocr_line' id='line_1_10' title="bbox 157 941 1582 1006; baseline 0 -18"><span class='ocrx_word' id='word_1_65' title='bbox 157 952 289 1005; x_wconf 88' lang='lat' dir='ltr'>perta</span> <span class='ocrx_word' id='word_1_66' title='bbox 323 941 624 1005; x_wconf 83' lang='lat' dir='ltr'>proditione,</span> <span class='ocrx_word' id='word_1_67' title='bbox 655 960 745 1006; x_wconf 85' lang='lat' dir='ltr'>qua</span> <span class='ocrx_word' id='word_1_68' title='bbox 780 960 902 1006; x_wconf 81' lang='lat' dir='ltr'>saepe</span> <span class='ocrx_word' id='word_1_69' title='bbox 935 941 1057 989; x_wconf 86' lang='lat' dir='ltr'>satus</span> <span class='ocrx_word' id='word_1_70' title='bbox 1087 943 1379 989; x_wconf 87' lang='lat' dir='ltr'>Merciorum</span> <span class='ocrx_word' id='word_1_71' title='bbox 1414 943 1582 989; x_wconf 86' lang='lat' dir='ltr'>consul</span> 
     </span>
     <span class='ocr_line' id='line_1_11' title="bbox 156 1019 1581 1085; baseline 0.001 -20"><span class='ocrx_word' id='word_1_72' title='bbox 156 1019 386 1082; x_wconf 87' lang='lat' dir='ltr'>perierat,</span> <span class='ocrx_word' id='word_1_73' title='bbox 414 1019 587 1084; x_wconf 87' lang='lat' dir='ltr'>pietate</span> <span class='ocrx_word' id='word_1_74' title='bbox 610 1030 769 1067; x_wconf 89' lang='lat' dir='ltr'>motus</span> <span class='ocrx_word' id='word_1_75' title='bbox 800 1019 958 1077; x_wconf 83' lang='lat' dir='ltr'>flevit,</span> <span class='ocrx_word' id='word_1_76' title='bbox 989 1032 1036 1068; x_wconf 89' lang='lat' dir='ltr'>et</span> <span class='ocrx_word' id='word_1_77' title='bbox 1057 1021 1355 1085; x_wconf 88' lang='lat' dir='ltr'>proditores,</span> <span class='ocrx_word' id='word_1_78' title='bbox 1383 1021 1465 1085; x_wconf 90' lang='lat' dir='ltr'>qui</span> <span class='ocrx_word' id='word_1_79' title='bbox 1492 1038 1581 1085; x_wconf 90' lang='lat' dir='ltr'>pro</span> 
     </span>
     <span class='ocr_line' id='line_1_12' title="bbox 154 1095 1579 1161; baseline 0.002 -20"><span class='ocrx_word' id='word_1_80' title='bbox 154 1095 316 1143; x_wconf 82' lang='lat' dir='ltr'>favore</span> <span class='ocrx_word' id='word_1_81' title='bbox 335 1096 459 1142; x_wconf 81' lang='lat' dir='ltr'>illius</span> <span class='ocrx_word' id='word_1_82' title='bbox 478 1097 517 1142; x_wconf 87' lang='lat' dir='ltr'>ei</span> <span class='ocrx_word' id='word_1_83' title='bbox 540 1107 682 1161; x_wconf 86' lang='lat' dir='ltr'>caput</span> <span class='ocrx_word' id='word_1_84' title='bbox 700 1096 883 1143; x_wconf 89' lang='lat' dir='ltr'>domini</span> <span class='ocrx_word' id='word_1_85' title='bbox 905 1098 974 1144; x_wconf 89' lang='lat' dir='ltr'>sui</span> <span class='ocrx_word' id='word_1_86' title='bbox 995 1097 1298 1156; x_wconf 87' lang='lat' dir='ltr'>deferebant,</span> <span class='ocrx_word' id='word_1_87' title='bbox 1322 1115 1509 1145; x_wconf 87' lang='lat' dir='ltr'>severus</span> <span class='ocrx_word' id='word_1_88' title='bbox 1530 1098 1579 1144; x_wconf 91' lang='lat' dir='ltr'>in</span> 
     </span>
     <span class='ocr_line' id='line_1_13' title="bbox 156 1173 577 1238; baseline 0.002 -19"><span class='ocrx_word' id='word_1_89' title='bbox 156 1173 348 1219; x_wconf 82' lang='lat' dir='ltr'>exilium</span> <span class='ocrx_word' id='word_1_90' title='bbox 377 1174 577 1238; x_wconf 81' lang='lat' dir='ltr'>expulit.</span> 
     </span>
    </p>

    <p class='ocr_par' dir='ltr' id='par_1_3' title="bbox 157 1252 1583 2093">
     <span class='ocr_line' id='line_1_14' title="bbox 222 1252 1581 1316; baseline 0.003 -20"><span class='ocrx_word' id='word_1_91' title='bbox 222 1252 325 1296; x_wconf 92' lang='lat' dir='ltr'>Huc</span> <span class='ocrx_word' id='word_1_92' title='bbox 341 1269 488 1316; x_wconf 87' lang='lat' dir='ltr'>usque</span> <span class='ocrx_word' id='word_1_93' title='bbox 502 1252 575 1315; x_wconf 82' lang='lat'>(1)</span> <span class='ocrx_word' id='word_1_94' title='bbox 594 1252 877 1299; x_wconf 88' lang='lat' dir='ltr'>Guillelmus</span> <span class='ocrx_word' id='word_1_95' title='bbox 893 1254 1166 1300; x_wconf 87' lang='lat' dir='ltr'>Pictavinus</span> <span class='ocrx_word' id='word_1_96' title='bbox 1184 1252 1431 1301; x_wconf 79' lang='lat' dir='ltr'>historiam</span> <span class='ocrx_word' id='word_1_97' title='bbox 1450 1271 1581 1300; x_wconf 83' lang='lat' dir='ltr'>suam</span> 
     </span>
     <span class='ocr_line' id='line_1_15' title="bbox 157 1328 1581 1395; baseline 0.002 -22"><span class='ocrx_word' id='word_1_98' title='bbox 157 1329 334 1384; x_wconf 79' lang='lat' dir='ltr'>texuit,</span> <span class='ocrx_word' id='word_1_99' title='bbox 367 1329 415 1374; x_wconf 91' lang='lat' dir='ltr'>in</span> <span class='ocrx_word' id='word_1_100' title='bbox 447 1346 538 1393; x_wconf 84' lang='lat' dir='ltr'>qua</span> <span class='ocrx_word' id='word_1_101' title='bbox 564 1328 806 1377; x_wconf 81' lang='lat' dir='ltr'>Guillelmi</span> <span class='ocrx_word' id='word_1_102' title='bbox 834 1342 958 1395; x_wconf 78' lang='lat' dir='ltr'>gesta</span> <span class='ocrx_word' id='word_1_103' title='bbox 988 1331 1161 1395; x_wconf 76' lang='lat' dir='ltr'>(Crispi</span> <span class='ocrx_word' id='word_1_104' title='bbox 1196 1330 1384 1377; x_wconf 79' lang='lat' dir='ltr'>Salustii</span> <span class='ocrx_word' id='word_1_105' title='bbox 1416 1331 1581 1376; x_wconf 90' lang='lat' dir='ltr'>stilum</span> 
     </span>
     <span class='ocr_line' id='line_1_16' title="bbox 159 1406 1583 1474; baseline 0.001 -21"><span class='ocrx_word' id='word_1_106' title='bbox 159 1407 395 1469; x_wconf 88' lang='lat' dir='ltr'>imitatus)</span> <span class='ocrx_word' id='word_1_107' title='bbox 422 1406 662 1455; x_wconf 83' lang='lat' dir='ltr'>subtiliter</span> <span class='ocrx_word' id='word_1_108' title='bbox 695 1420 742 1455; x_wconf 89' lang='lat' dir='ltr'>et</span> <span class='ocrx_word' id='word_1_109' title='bbox 770 1409 1053 1474; x_wconf 83' lang='lat' dir='ltr'>eloquenter</span> <span class='ocrx_word' id='word_1_110' title='bbox 1084 1410 1350 1456; x_wconf 78' lang='lat' dir='ltr'>enucleavit</span> <span class='ocrx_word' id='word_1_111' title='bbox 1375 1410 1461 1473; x_wconf 72' lang='lat'>(2).</span> <span class='ocrx_word' id='word_1_112' title='bbox 1495 1409 1583 1455; x_wconf 88' lang='lat' dir='ltr'>Hic</span> 
     </span>
     <span class='ocr_line' id='line_1_17' title="bbox 157 1486 1583 1551; baseline 0.001 -18"><span class='ocrx_word' id='word_1_113' title='bbox 157 1503 328 1550; x_wconf 78' lang='lat' dir='ltr'>genere</span> <span class='ocrx_word' id='word_1_114' title='bbox 359 1486 691 1543; x_wconf 87' lang='lat' dir='ltr'>Normannus,</span> <span class='ocrx_word' id='word_1_115' title='bbox 724 1487 781 1534; x_wconf 88' lang='lat' dir='ltr'>de</span> <span class='ocrx_word' id='word_1_116' title='bbox 815 1488 920 1534; x_wconf 88' lang='lat' dir='ltr'>vico</span> <span class='ocrx_word' id='word_1_117' title='bbox 950 1488 1226 1534; x_wconf 90' lang='lat' dir='ltr'>Pratellensi</span> <span class='ocrx_word' id='word_1_118' title='bbox 1258 1488 1377 1544; x_wconf 82' lang='lat' dir='ltr'>suit,</span> <span class='ocrx_word' id='word_1_119' title='bbox 1418 1486 1583 1551; x_wconf 83' lang='lat' dir='ltr'>ibique</span> 
     </span>
     <span class='ocr_line' id='line_1_18' title="bbox 159 1565 1583 1630; baseline 0.002 -20"><span class='ocrx_word' id='word_1_120' title='bbox 159 1582 400 1621; x_wconf 83' lang='lat' dir='ltr'>sororem,</span> <span class='ocrx_word' id='word_1_121' title='bbox 428 1583 535 1630; x_wconf 85' lang='lat' dir='ltr'>quae</span> <span class='ocrx_word' id='word_1_122' title='bbox 562 1566 608 1611; x_wconf 88' lang='lat' dir='ltr'>in</span> <span class='ocrx_word' id='word_1_123' title='bbox 636 1567 927 1612; x_wconf 85' lang='lat' dir='ltr'>monasterio</span> <span class='ocrx_word' id='word_1_124' title='bbox 952 1567 1000 1612; x_wconf 90' lang='lat' dir='ltr'>S.</span> <span class='ocrx_word' id='word_1_125' title='bbox 1029 1565 1303 1630; x_wconf 81' lang='lat' dir='ltr'>Leodegarii</span> <span class='ocrx_word' id='word_1_126' title='bbox 1332 1566 1583 1613; x_wconf 81' lang='lat' dir='ltr'>sanctimo-</span> 
     </span>
     <span class='ocr_line' id='line_1_19' title="bbox 159 1641 1580 1707; baseline 0.001 -20"><span class='ocrx_word' id='word_1_127' title='bbox 159 1641 363 1688; x_wconf 86' lang='lat' dir='ltr'>nialibus</span> <span class='ocrx_word' id='word_1_128' title='bbox 386 1653 613 1707; x_wconf 82' lang='lat' dir='ltr'>praeerat,</span> <span class='ocrx_word' id='word_1_129' title='bbox 638 1641 821 1689; x_wconf 85' lang='lat' dir='ltr'>habuit.</span> <span class='ocrx_word' id='word_1_130' title='bbox 846 1644 1116 1690; x_wconf 79' lang='lat' dir='ltr'>Pictavinus</span> <span class='ocrx_word' id='word_1_131' title='bbox 1138 1653 1295 1690; x_wconf 86' lang='lat' dir='ltr'>autem</span> <span class='ocrx_word' id='word_1_132' title='bbox 1315 1642 1467 1689; x_wconf 88' lang='lat' dir='ltr'>dictus</span> <span class='ocrx_word' id='word_1_133' title='bbox 1488 1654 1580 1700; x_wconf 86' lang='lat' dir='ltr'>est,</span> 
     </span>
     <span class='ocr_line' id='line_1_20' title="bbox 159 1719 1578 1785; baseline 0 -20"><span class='ocrx_word' id='word_1_134' title='bbox 159 1720 268 1784; x_wconf 85' lang='lat' dir='ltr'>quia</span> <span class='ocrx_word' id='word_1_135' title='bbox 293 1721 491 1767; x_wconf 82' lang='lat' dir='ltr'>Pictavis</span> <span class='ocrx_word' id='word_1_136' title='bbox 512 1721 646 1769; x_wconf 87' lang='lat' dir='ltr'>fonte</span> <span class='ocrx_word' id='word_1_137' title='bbox 669 1721 1003 1785; x_wconf 86' lang='lat' dir='ltr'>philosophico</span> <span class='ocrx_word' id='word_1_138' title='bbox 1024 1720 1233 1768; x_wconf 82' lang='lat' dir='ltr'>ubertim</span> <span class='ocrx_word' id='word_1_139' title='bbox 1256 1719 1468 1766; x_wconf 81' lang='lat' dir='ltr'>imbutus</span> <span class='ocrx_word' id='word_1_140' title='bbox 1494 1730 1578 1767; x_wconf 85' lang='lat' dir='ltr'>est.</span> 
     </span>
     <span class='ocr_line' id='line_1_21' title="bbox 160 1797 1583 1847; baseline 0.001 -3"><span class='ocrx_word' id='word_1_141' title='bbox 160 1798 390 1845; x_wconf 87' lang='lat' dir='ltr'>Reversus</span> <span class='ocrx_word' id='word_1_142' title='bbox 410 1798 466 1844; x_wconf 88' lang='lat' dir='ltr'>ad</span> <span class='ocrx_word' id='word_1_143' title='bbox 486 1817 593 1847; x_wconf 92' lang='lat' dir='ltr'>suos</span> <span class='ocrx_word' id='word_1_144' title='bbox 618 1799 845 1846; x_wconf 88' lang='lat' dir='ltr'>omnibus</span> <span class='ocrx_word' id='word_1_145' title='bbox 867 1800 1036 1846; x_wconf 87' lang='lat' dir='ltr'>vicinis</span> <span class='ocrx_word' id='word_1_146' title='bbox 1052 1810 1100 1846; x_wconf 90' lang='lat' dir='ltr'>et</span> <span class='ocrx_word' id='word_1_147' title='bbox 1120 1797 1453 1845; x_wconf 88' lang='lat' dir='ltr'>consoladibus</span> <span class='ocrx_word' id='word_1_148' title='bbox 1474 1798 1583 1845; x_wconf 88' lang='lat' dir='ltr'>doc-</span> 
     </span>
     <span class='ocr_line' id='line_1_22' title="bbox 161 1874 1582 1940; baseline 0 -21"><span class='ocrx_word' id='word_1_149' title='bbox 161 1874 257 1920; x_wconf 87' lang='lat' dir='ltr'>tior</span> <span class='ocrx_word' id='word_1_150' title='bbox 294 1876 493 1932; x_wconf 89' lang='lat' dir='ltr'>enituit,</span> <span class='ocrx_word' id='word_1_151' title='bbox 530 1886 576 1923; x_wconf 88' lang='lat' dir='ltr'>et</span> <span class='ocrx_word' id='word_1_152' title='bbox 616 1877 927 1922; x_wconf 79' lang='lat' dir='ltr'>Lexovienses</span> <span class='ocrx_word' id='word_1_153' title='bbox 961 1876 1205 1940; x_wconf 86' lang='lat' dir='ltr'>episcopos</span> <span class='ocrx_word' id='word_1_154' title='bbox 1241 1877 1492 1939; x_wconf 81' lang='lat' dir='ltr'>Hugonem</span> <span class='ocrx_word' id='word_1_155' title='bbox 1535 1885 1582 1922; x_wconf 90' lang='lat' dir='ltr'>et</span> 
     </span>
     <span class='ocr_line' id='line_1_23' title="bbox 161 1951 1582 2002; baseline -0.001 -4"><span class='ocrx_word' id='word_1_156' title='bbox 161 1951 480 1999; x_wconf 80' lang='lat' dir='ltr'>Gislebertum</span> <span class='ocrx_word' id='word_1_157' title='bbox 521 1953 928 2002; x_wconf 77' lang='lat' dir='ltr'>archidiaconatus</span> <span class='ocrx_word' id='word_1_158' title='bbox 967 1954 1121 2000; x_wconf 83' lang='lat' dir='ltr'>officio</span> <span class='ocrx_word' id='word_1_159' title='bbox 1164 1954 1212 1999; x_wconf 91' lang='lat' dir='ltr'>in</span> <span class='ocrx_word' id='word_1_160' title='bbox 1259 1952 1582 1999; x_wconf 84' lang='lat' dir='ltr'>ecclesiasticis</span> 
     </span>
     <span class='ocr_line' id='line_1_24' title="bbox 159 2027 1583 2093; baseline 0.001 -19"><span class='ocrx_word' id='word_1_161' title='bbox 159 2027 301 2075; x_wconf 81' lang='lat' dir='ltr'>rebus</span> <span class='ocrx_word' id='word_1_162' title='bbox 325 2030 519 2093; x_wconf 85' lang='lat' dir='ltr'>adjuvit.</span> <span class='ocrx_word' id='word_1_163' title='bbox 547 2032 600 2076; x_wconf 90' lang='lat' dir='ltr'>In</span> <span class='ocrx_word' id='word_1_164' title='bbox 624 2029 765 2076; x_wconf 86' lang='lat' dir='ltr'>rebus</span> <span class='ocrx_word' id='word_1_165' title='bbox 794 2030 976 2077; x_wconf 82' lang='lat' dir='ltr'>bellicis</span> <span class='ocrx_word' id='word_1_166' title='bbox 1008 2041 1116 2078; x_wconf 88' lang='lat' dir='ltr'>aute</span> <span class='ocrx_word' id='word_1_167' title='bbox 1146 2030 1421 2077; x_wconf 85' lang='lat' dir='ltr'>clericatum</span> <span class='ocrx_word' id='word_1_168' title='bbox 1448 2047 1583 2093; x_wconf 85' lang='lat' dir='ltr'>asper</span> 
     </span>
    </p>
   </div>
   <div class='ocr_carea' id='block_1_3' title="bbox 157 2210 1581 2777">
    <p class='ocr_par' dir='ltr' id='par_1_4' title="bbox 157 2210 1581 2438">
     <span class='ocr_line' id='line_1_25' title="bbox 202 2210 1581 2258; baseline -0.001 -14"><span class='ocrx_word' id='word_1_169' title='bbox 202 2210 253 2255; x_wconf 81' lang='lat' dir='ltr'>(i)</span> <span class='ocrx_word' id='word_1_170' title='bbox 279 2210 316 2245; x_wconf 88' lang='lat' dir='ltr'>Si</span> <span class='ocrx_word' id='word_1_171' title='bbox 332 2210 364 2244; x_wconf 84' lang='lat' dir='ltr'>le</span> <span class='ocrx_word' id='word_1_172' title='bbox 382 2211 474 2245; x_wconf 83' lang='lat' dir='ltr'>re‘cit</span> <span class='ocrx_word' id='word_1_173' title='bbox 493 2210 538 2245; x_wconf 85' lang='lat' dir='ltr'>de</span> <span class='ocrx_word' id='word_1_174' title='bbox 555 2210 768 2246; x_wconf 80' lang='lat' dir='ltr'>Guillaume</span> <span class='ocrx_word' id='word_1_175' title='bbox 781 2210 826 2245; x_wconf 89' lang='lat' dir='ltr'>de</span> <span class='ocrx_word' id='word_1_176' title='bbox 839 2211 996 2245; x_wconf 75' lang='lat' dir='ltr'>Poitiers</span> <span class='ocrx_word' id='word_1_177' title='bbox 1008 2210 1200 2245; x_wconf 77' lang='lat' dir='ltr'>s&#39;etendait</span> <span class='ocrx_word' id='word_1_178' title='bbox 1213 2211 1347 2258; x_wconf 86' lang='lat' dir='ltr'>jusque</span> <span class='ocrx_word' id='word_1_179' title='bbox 1364 2210 1414 2253; x_wconf 71' lang='lat' dir='ltr'>la,</span> <span class='ocrx_word' id='word_1_180' title='bbox 1439 2222 1581 2244; x_wconf 88' lang='lat' dir='ltr'>comme</span> 
     </span>
     <span class='ocr_line' id='line_1_26' title="bbox 158 2269 1577 2317; baseline 0.001 -14"><span class='ocrx_word' id='word_1_181' title='bbox 158 2269 183 2303; x_wconf 92' lang='lat' dir='ltr'>il</span> <span class='ocrx_word' id='word_1_182' title='bbox 210 2276 263 2304; x_wconf 89' lang='lat' dir='ltr'>est</span> <span class='ocrx_word' id='word_1_183' title='bbox 292 2270 503 2316; x_wconf 88' lang='lat' dir='ltr'>impossible</span> <span class='ocrx_word' id='word_1_184' title='bbox 533 2270 615 2305; x_wconf 79' lang='lat' dir='ltr'>d’en</span> <span class='ocrx_word' id='word_1_185' title='bbox 643 2270 776 2305; x_wconf 78' lang='lat' dir='ltr'>douter</span> <span class='ocrx_word' id='word_1_186' title='bbox 795 2271 937 2317; x_wconf 75' lang='lat' dir='ltr'>d&#39;apres</span> <span class='ocrx_word' id='word_1_187' title='bbox 963 2270 1206 2305; x_wconf 79' lang='lat' dir='ltr'>l’affirmatiou</span> <span class='ocrx_word' id='word_1_188' title='bbox 1230 2270 1275 2305; x_wconf 90' lang='lat' dir='ltr'>de</span> <span class='ocrx_word' id='word_1_189' title='bbox 1302 2277 1409 2305; x_wconf 83' lang='lat' dir='ltr'>notre</span> <span class='ocrx_word' id='word_1_190' title='bbox 1433 2277 1577 2314; x_wconf 83' lang='lat' dir='ltr'>auteur,</span> 
     </span>
     <span class='ocr_line' id='line_1_27' title="bbox 157 2329 1578 2378; baseline 0.001 -16"><span class='ocrx_word' id='word_1_191' title='bbox 157 2341 231 2363; x_wconf 88' lang='lat' dir='ltr'>une</span> <span class='ocrx_word' id='word_1_192' title='bbox 248 2330 396 2376; x_wconf 87' lang='lat' dir='ltr'>portion</span> <span class='ocrx_word' id='word_1_193' title='bbox 414 2330 560 2364; x_wconf 86' lang='lat' dir='ltr'>notable</span> <span class='ocrx_word' id='word_1_194' title='bbox 574 2343 666 2365; x_wconf 87' lang='lat' dir='ltr'>nous</span> <span class='ocrx_word' id='word_1_195' title='bbox 680 2343 726 2365; x_wconf 89' lang='lat' dir='ltr'>en</span> <span class='ocrx_word' id='word_1_196' title='bbox 745 2343 922 2378; x_wconf 68' lang='lat' dir='ltr'>numque,</span> <span class='ocrx_word' id='word_1_197' title='bbox 940 2343 1014 2375; x_wconf 84' lang='lat' dir='ltr'>car,</span> <span class='ocrx_word' id='word_1_198' title='bbox 1036 2330 1126 2365; x_wconf 83' lang='lat' dir='ltr'>dans</span> <span class='ocrx_word' id='word_1_199' title='bbox 1141 2342 1205 2365; x_wconf 87' lang='lat' dir='ltr'>son</span> <span class='ocrx_word' id='word_1_200' title='bbox 1220 2332 1295 2364; x_wconf 76' lang='lat' dir='ltr'>etat</span> <span class='ocrx_word' id='word_1_201' title='bbox 1312 2329 1356 2364; x_wconf 89' lang='lat' dir='ltr'>de</span> <span class='ocrx_word' id='word_1_202' title='bbox 1371 2329 1578 2364; x_wconf 86' lang='lat' dir='ltr'>mutilation</span> 
     </span>
     <span class='ocr_line' id='line_1_28' title="bbox 158 2389 959 2438; baseline 0.002 -15"><span class='ocrx_word' id='word_1_203' title='bbox 158 2389 276 2423; x_wconf 87' lang='lat' dir='ltr'>actuel</span> <span class='ocrx_word' id='word_1_204' title='bbox 289 2417 298 2432; x_wconf 84' lang='lat'>‚</span> <span class='ocrx_word' id='word_1_205' title='bbox 319 2389 344 2423; x_wconf 91' lang='lat' dir='ltr'>il</span> <span class='ocrx_word' id='word_1_206' title='bbox 366 2390 513 2424; x_wconf 68' lang='lat' dir='ltr'>s’arrete</span> <span class='ocrx_word' id='word_1_207' title='bbox 528 2403 573 2424; x_wconf 84' lang='lat' dir='ltr'>au</span> <span class='ocrx_word' id='word_1_208' title='bbox 592 2398 754 2425; x_wconf 82' lang='lat' dir='ltr'>meurtre</span> <span class='ocrx_word' id='word_1_209' title='bbox 774 2390 819 2425; x_wconf 87' lang='lat' dir='ltr'>de</span> <span class='ocrx_word' id='word_1_210' title='bbox 835 2391 959 2438; x_wconf 89' lang='lat' dir='ltr'>Copsi.</span> 
     </span>
    </p>

    <p class='ocr_par' dir='ltr' id='par_1_5' title="bbox 158 2449 1580 2777">
     <span class='ocr_line' id='line_1_29' title="bbox 205 2449 1575 2495; baseline 0.001 -13"><span class='ocrx_word' id='word_1_211' title='bbox 205 2449 255 2494; x_wconf 80' lang='lat'>(2)</span> <span class='ocrx_word' id='word_1_212' title='bbox 281 2449 439 2489; x_wconf 58' lang='lat' dir='ltr'>meaux,</span> <span class='ocrx_word' id='word_1_213' title='bbox 465 2450 548 2495; x_wconf 71' lang='lat' dir='ltr'>pres</span> <span class='ocrx_word' id='word_1_214' title='bbox 569 2450 888 2485; x_wconf 85' lang='lat' dir='ltr'>Pont-Audemer.</span> <span class='ocrx_word' id='word_1_215' title='bbox 913 2451 964 2486; x_wconf 85' lang='lat' dir='ltr'>Ce</span> <span class='ocrx_word' id='word_1_216' title='bbox 988 2450 1062 2485; x_wconf 90' lang='lat' dir='ltr'>lieu</span> <span class='ocrx_word' id='word_1_217' title='bbox 1083 2450 1200 2485; x_wconf 85' lang='lat' dir='ltr'>forme</span> <span class='ocrx_word' id='word_1_218' title='bbox 1218 2449 1314 2484; x_wconf 85' lang='lat' dir='ltr'>deux</span> <span class='ocrx_word' id='word_1_219' title='bbox 1332 2460 1546 2483; x_wconf 86' lang='lat' dir='ltr'>communes</span> <span class='ocrx_word' id='word_1_220' title='bbox 1570 2465 1575 2483; x_wconf 76' lang='lat'>2</span> 
     </span>
     <span class='ocr_line' id='line_1_30' title="bbox 159 2508 1579 2555; baseline 0 -13"><span class='ocrx_word' id='word_1_221' title='bbox 159 2508 639 2543; x_wconf 78' lang='lat' dir='ltr'>Notre-Dame-de-Preaux</span> <span class='ocrx_word' id='word_1_222' title='bbox 657 2517 693 2544; x_wconf 87' lang='lat' dir='ltr'>et</span> <span class='ocrx_word' id='word_1_223' title='bbox 711 2510 1218 2545; x_wconf 78' lang='lat' dir='ltr'>Saint-Michel-de-Preaux.</span> <span class='ocrx_word' id='word_1_224' title='bbox 1240 2508 1415 2555; x_wconf 84' lang='lat' dir='ltr'>L’abbaye</span> <span class='ocrx_word' id='word_1_225' title='bbox 1433 2508 1579 2542; x_wconf 79' lang='lat' dir='ltr'>d&#39;hom—</span> 
     </span>
     <span class='ocr_line' id='line_1_31' title="bbox 158 2566 1580 2614; baseline 0.001 -13"><span class='ocrx_word' id='word_1_226' title='bbox 158 2579 235 2601; x_wconf 85' lang='lat' dir='ltr'>mes</span> <span class='ocrx_word' id='word_1_227' title='bbox 253 2566 298 2601; x_wconf 87' lang='lat' dir='ltr'>de</span> <span class='ocrx_word' id='word_1_228' title='bbox 320 2567 568 2602; x_wconf 81' lang='lat' dir='ltr'>Saint·Pierre</span> <span class='ocrx_word' id='word_1_229' title='bbox 594 2568 683 2602; x_wconf 77' lang='lat' dir='ltr'>etait</span> <span class='ocrx_word' id='word_1_230' title='bbox 707 2569 823 2603; x_wconf 77' lang='lat' dir='ltr'>situee</span> <span class='ocrx_word' id='word_1_231' title='bbox 850 2580 912 2603; x_wconf 82' lang='lat' dir='ltr'>sur</span> <span class='ocrx_word' id='word_1_232' title='bbox 930 2568 964 2603; x_wconf 89' lang='lat' dir='ltr'>le</span> <span class='ocrx_word' id='word_1_233' title='bbox 983 2569 1171 2603; x_wconf 82' lang='lat' dir='ltr'>territoire</span> <span class='ocrx_word' id='word_1_234' title='bbox 1189 2568 1236 2602; x_wconf 84' lang='lat' dir='ltr'>de</span> <span class='ocrx_word' id='word_1_235' title='bbox 1260 2568 1292 2601; x_wconf 83' lang='lat' dir='ltr'>la</span> <span class='ocrx_word' id='word_1_236' title='bbox 1319 2568 1519 2614; x_wconf 71' lang='lat' dir='ltr'>premiere,</span> <span class='ocrx_word' id='word_1_237' title='bbox 1542 2576 1580 2603; x_wconf 86' lang='lat' dir='ltr'>et</span> 
     </span>
     <span class='ocr_line' id='line_1_32' title="bbox 158 2624 1580 2673; baseline 0.001 -14"><span class='ocrx_word' id='word_1_238' title='bbox 158 2624 320 2672; x_wconf 81' lang='lat' dir='ltr'>l&#39;abbaye</span> <span class='ocrx_word' id='word_1_239' title='bbox 338 2625 382 2660; x_wconf 88' lang='lat' dir='ltr'>de</span> <span class='ocrx_word' id='word_1_240' title='bbox 399 2626 550 2660; x_wconf 77' lang='lat' dir='ltr'>femmes</span> <span class='ocrx_word' id='word_1_241' title='bbox 564 2625 609 2659; x_wconf 87' lang='lat' dir='ltr'>de</span> <span class='ocrx_word' id='word_1_242' title='bbox 622 2625 860 2673; x_wconf 76' lang='lat' dir='ltr'>Saint-Leger</span> <span class='ocrx_word' id='word_1_243' title='bbox 876 2638 938 2660; x_wconf 88' lang='lat' dir='ltr'>sur</span> <span class='ocrx_word' id='word_1_244' title='bbox 955 2626 1048 2661; x_wconf 90' lang='lat' dir='ltr'>celui</span> <span class='ocrx_word' id='word_1_245' title='bbox 1065 2626 1110 2661; x_wconf 89' lang='lat' dir='ltr'>de</span> <span class='ocrx_word' id='word_1_246' title='bbox 1123 2626 1157 2660; x_wconf 91' lang='lat' dir='ltr'>la</span> <span class='ocrx_word' id='word_1_247' title='bbox 1171 2625 1338 2661; x_wconf 82' lang='lat' dir='ltr'>seconde.</span> <span class='ocrx_word' id='word_1_248' title='bbox 1359 2626 1407 2660; x_wconf 89' lang='lat' dir='ltr'>La</span> <span class='ocrx_word' id='word_1_249' title='bbox 1423 2638 1521 2660; x_wconf 85' lang='lat' dir='ltr'>soeur</span> <span class='ocrx_word' id='word_1_250' title='bbox 1533 2626 1580 2661; x_wconf 88' lang='lat' dir='ltr'>de</span> 
     </span>
     <span class='ocr_line' id='line_1_33' title="bbox 159 2681 1580 2731; baseline 0.002 -15"><span class='ocrx_word' id='word_1_251' title='bbox 159 2681 372 2718; x_wconf 81' lang='lat' dir='ltr'>Guillaume</span> <span class='ocrx_word' id='word_1_252' title='bbox 398 2683 444 2718; x_wconf 84' lang='lat' dir='ltr'>de</span> <span class='ocrx_word' id='word_1_253' title='bbox 464 2684 636 2727; x_wconf 79' lang='lat' dir='ltr'>poitiers,</span> <span class='ocrx_word' id='word_1_254' title='bbox 662 2685 844 2730; x_wconf 66' lang='lat' dir='ltr'>premiere</span> <span class='ocrx_word' id='word_1_255' title='bbox 868 2684 1016 2719; x_wconf 82' lang='lat' dir='ltr'>abbesse</span> <span class='ocrx_word' id='word_1_256' title='bbox 1044 2684 1088 2718; x_wconf 86' lang='lat' dir='ltr'>de</span> <span class='ocrx_word' id='word_1_257' title='bbox 1113 2684 1367 2730; x_wconf 76' lang='lat' dir='ltr'>Saint-Leger,</span> <span class='ocrx_word' id='word_1_258' title='bbox 1394 2684 1580 2731; x_wconf 82' lang='lat' dir='ltr'>s’appelait</span> 
     </span>
     <span class='ocr_line' id='line_1_34' title="bbox 162 2742 300 2777; baseline 0.007 -1"><span class='ocrx_word' id='word_1_259' title='bbox 162 2742 300 2777; x_wconf 80' lang='lat' dir='ltr'>Emma.</span> 
     </span>
    </p>
   </div>
  </div>
 </body>
</html>
