1951 3194
459 307 538 343 300
818 305 1061 343 HISTORIA
1094 305 1496 346 ECCLESIASTICA.

522 384 714 431 Ovidius
743 400 934 448 quoque
965 382 1150 430 libidini
1182 385 1397 432 resistere
1431 387 1672 434 volentem
1703 388 1768 433 sic
1793 387 1872 433 in-

456 463 600 507 struit
625 472 790 508 contra
815 461 1077 519 Venerem,
1104 461 1264 509 dicens
1288 484 1297 508 :

640 562 728 598 Otia
745 563 946 597 corrodunt
964 571 1105 598 mentes
1125 572 1161 599 et
1181 576 1335 611 corpora
1355 566 1541 613 frangunt.

688 622 760 656 Fac
778 622 896 669 fugias
912 624 1062 658 monitis
1080 624 1154 658 otia
1173 625 1291 671 prima
1309 625 1411 659 meis.

646 682 733 718 Otia
748 683 777 718 si
798 683 920 725 tollas,
941 683 1083 730 periere
1100 684 1295 731 Cupidinis
1314 697 1435 727 arcus,

687 741 987 789 Contemptaeque
1001 743 1123 788 jacent
1142 750 1178 778 et
1196 744 1273 778 sine
1291 743 1372 778 luce
1390 744 1484 779 faces
1504 744 1565 789 (1).

521 832 633 877 Haec
657 841 702 878 et
721 832 809 878 alia
832 831 1098 896 hujusmodi
1123 833 1376 898 diligenter
1397 833 1717 898 perpendens,
1740 843 1873 898 pater

456 907 668 955 Guarine
687 910 775 973 (2),
803 910 978 974 aliquid
1005 910 1134 974 quod
1154 910 1391 975 aliquibus
1418 912 1466 958 in
1491 910 1636 958 domo
1657 912 1742 959 Dei
1761 910 1872 958 fide-

457 984 581 1030 lihus
615 986 767 1049 prosit
798 1004 878 1033 seu
913 986 1118 1049 placeat,
1158 987 1343 1034 decrevi
1388 987 1667 1051 simpliciter
1704 988 1869 1043 edere,

455 1073 699 1125 arreptum
737 1081 849 1110 vero
893 1065 1102 1110 sedimen
1145 1065 1396 1129 vigilanter
1436 1077 1625 1122 tenere,
1664 1084 1724 1114 ne
1764 1084 1874 1113 cum

454 1155 589 1184 servo
615 1149 837 1202 torpente
862 1157 950 1202 pro
973 1139 1204 1187 absconso
1229 1142 1277 1187 in
1303 1153 1427 1188 terra
1453 1142 1632 1189 talento
1655 1143 1869 1197 damner,

455 1215 664 1262 Domino
685 1215 742 1262 ad
755 1216 989 1280 judicium
1008 1217 1246 1264 veniente.
1268 1218 1430 1265 Primo
1450 1219 1606 1283 itaque
1625 1220 1873 1283 praeceptis

458 1293 709 1340 venerandi
753 1295 946 1359 Rogerii
985 1293 1192 1352 abbatis,
1228 1307 1274 1343 et
1308 1307 1468 1361 postea
1506 1297 1672 1344 vestris
1713 1298 1871 1360 optavi

453 1389 641 1436 parere,
672 1374 956 1437 opusculum
982 1375 1215 1439 incipiens
1238 1375 1295 1422 de
1321 1387 1446 1422 statu
1467 1376 1702 1423 Uticensis
1727 1375 1874 1423 eccle-

454 1451 561 1505 siae,
592 1451 723 1516 quod
753 1452 935 1515 priores
973 1453 1124 1499 nostri
1158 1470 1252 1500 sese
1283 1465 1455 1502 mutuo
1492 1453 1726 1501 exhortati
1762 1462 1874 1499 sunt

453 1527 628 1585 facere,
670 1528 748 1576 sed
781 1529 941 1575 nullus
976 1548 1144 1578 eorum
1176 1531 1328 1578 voluit
1365 1532 1453 1578 hoc
1491 1532 1715 1594 incipere.
1752 1529 1873 1576 Nam

453 1607 657 1671 quisque
691 1607 828 1654 silere
853 1625 995 1672 quam
1029 1609 1162 1673 loqui
1194 1609 1384 1665 maluit,
1419 1620 1465 1656 et
1495 1627 1708 1656 securam
1735 1610 1873 1674 quie—

454 1693 551 1729 tem
584 1684 711 1730 edaci
748 1702 875 1731 curae
914 1695 1171 1732 transactas
1203 1705 1278 1733 res
1307 1687 1559 1751 indagandi
1587 1687 1866 1752 praeposuit.

455 1759 683 1807 Libenter
706 1762 881 1825 quippe
908 1762 1128 1827 legissent
1147 1773 1276 1808 actus
1297 1762 1545 1819 abbatum,
1571 1763 1869 1828 fratrumque

455 1854 677 1892 suorum,
716 1849 762 1884 et
797 1856 1049 1902 parvarum
1085 1840 1417 1887 collectionem
1453 1858 1613 1887 rerum
1647 1859 1867 1898 suarum,

453 1933 562 1979 quae
579 1915 638 1961 ab
663 1918 818 1980 egenis
839 1917 916 1964 sed
936 1917 1118 1965 devotis
1138 1917 1471 1965 fundatoribus
1497 1919 1704 1965 tenuiter
1722 1929 1871 1966 auctae

456 2004 568 2040 sunt
594 1995 773 2059 ingenti
801 1995 1122 2042 sollicitudine
1142 2007 1357 2059 patrum3
1385 1995 1463 2042 sed
1481 1997 1537 2042 ad
1562 1996 1768 2043 dictandi
1794 2014 1876 2044 seu

456 2070 694 2119 scribendi
715 2072 924 2119 sedimen
946 2091 1083 2119 suum
1104 2085 1368 2121 renuerunt
1387 2092 1584 2121 curvare
1606 2075 1869 2122 incenium.

1658 2110 1686 2140 t>

455 2149 670 2196 Tandem
695 2167 782 2214 ego
808 2150 864 2197 de
895 2152 1118 2197 extremis
1156 2153 1454 2199 Merciorum
1487 2151 1661 2198 finibus
1687 2153 1756 2216 (3)
1788 2151 1875 2199 de—

503 2313 554 2355 (1)
582 2313 629 2346 Le
653 2312 813 2359 premier
837 2313 881 2347 de
905 2325 961 2348 ces
981 2326 1058 2348 vers
1077 2315 1169 2349 n’est
1185 2315 1290 2361 point
1313 2314 1482 2349 d’Ovide.
1506 2315 1571 2349 Les
1590 2316 1680 2349 trois
1698 2321 1820 2350 autres
1838 2328 1874 2351 se

457 2378 629 2406 trouvent
648 2372 738 2406 dans
764 2373 797 2407 le
822 2376 950 2419 potime
980 2389 986 2407 :
1019 2374 1075 2408 Dc
1100 2374 1273 2408 Remedio
1292 2377 1442 2418 amoris,
1464 2387 1496 2408 v,
1521 2373 1601 2418 155,
1628 2374 1707 2423 139,
1734 2378 1817 2419 140,
1839 2382 1876 2410 et

455 2431 604 2466 doivent
624 2433 701 2467 &tre
721 2433 870 2467 retablis
888 2432 932 2467 dc
951 2433 984 2467 la
1004 2435 1166 2469 maniere
1187 2436 1352 2469 suivante
1375 2451 1379 2455 ·

714 2509 773 2535 Fac
789 2507 1025 2545 monitisfizgias
1041 2509 1102 2536 ocia
1114 2509 1212 2547 prima
1230 2509 1363 2537 nzeis.....

673 2565 743 2592 Otia
757 2565 783 2591 si
798 2563 905 2597 tollas,
921 2565 1034 2603 petiere
1054 2563 1207 2603 Cupidinis
1223 2575 1326 2597 arcus,

721 2619 961 2659 Contemptaeque
967 2619 1075 2658 jacent
1089 2628 1117 2648 ee
1134 2621 1198 2648 sine
1214 2620 1383 2660 lucefizces.

503 2692 551 2735 (2)
577 2691 721 2725 (luerin
744 2692 806 2726 des
826 2692 981 2735 Essarts,
998 2692 1088 2727 abbe
1109 2692 1154 2727 dc
1170 2685 1445 2727 saint-Evroult
1461 2696 1520 2735 (24
1535 2693 1603 2725 mai
1626 2690 1778 2727 1125—20
1791 2693 1874 2739 juin

464 2763 471 2781 i
490 2748 576 2795 137).

506 2807 556 2838 ¹⁷3*
588 2809 697 2843 §otro
720 2818 849 2845 auteur
868 2813 949 2846 man
981 2814 1023 2846 nc
1048 2814 1066 2846 a
1094 2814 1329 2859 Atlingluun,
1358 2810 1591 2856 aujcmrd'lnu
1615 2812 1789 2855 Atellam,
1813 2825 1873 2847 sur
