1951 3194
324 265 349 299 6
694 262 937 300 HISTORIA
970 261 1372 300 ECCLESIAS'I‘ICA.
1530 262 1745 312 [841-863]

322 359 413 405 que
451 342 749 398 invaserunt,
792 351 839 386 et
878 341 924 385 in
970 341 1290 404 nequitiarum
1337 341 1529 406 laqueos
1575 342 1746 405 praeci-

319 419 555 482 pitantes‚
598 430 764 466 contra
807 417 968 463 salutis
1007 435 1101 463 suae
1141 427 1412 474 auctorem,
1449 436 1509 465 ne
1544 418 1746 465 fideliter

318 497 359 543 ei
399 495 681 551 obedirent,
725 505 996 542 erexerunt.
1043 496 1288 541 praedictis
1329 495 1539 542 cladibus
1586 496 1744 543 omnis

317 572 438 619 ordo
477 572 764 618 clericorum
800 582 847 618 et
881 571 1113 618 laicorum
1152 572 1453 636 impulsatus,
1486 590 1509 618 a
1536 573 1743 636 pristino

315 650 491 698 robore
513 651 722 706 corruit,
751 650 1014 715 mundique
1038 650 1377 697 blandimentis
1400 650 1740 711 succumbens,

312 728 489 774 omisso
514 726 767 791 splendore
790 727 978 791 pristini
1007 728 1179 793 rigoris
1204 729 1431 793 elanguit.
1460 728 1631 774 Divina
1657 745 1743 773 au-

314 816 409 851 tem
433 806 582 870 pietas
607 804 913 869 peccantibus
932 805 1014 851 diu
1038 807 1279 870 pepercit,
1306 806 1565 871 multisque
1587 804 1741 852 modis

311 883 368 928 ad
397 883 737 946 poenitentiam
772 883 1008 929 invitavit.
1046 883 1449 947 Resipiscentibus
1486 902 1509 928 a
1545 883 1740 929 malitiae

312 962 488 1027 laqueis
515 961 704 1009 veniam
730 962 989 1009 clementer
1020 962 1252 1018 contulit,
1284 962 1361 1009 sed
1390 962 1741 1026 perseveranti-

309 1038 399 1084 bus
426 1039 473 1085 in
499 1039 726 1104 nequitiis
750 1038 1011 1085 iracundiae
1036 1057 1132 1085 suae
1155 1039 1394 1104 flagellum
1422 1039 1603 1085 intulit.

375 1119 614 1182 Tempore
658 1118 814 1164 Caroli
861 1118 982 1182 regis
1029 1119 1356 1176 Francorum,
1401 1119 1482 1183 qui
1529 1119 1739 1182 Simplex

308 1198 641 1261 agnominatus
685 1208 779 1253 est,
817 1197 955 1243 Brier
993 1207 1317 1261 cognomento
1357 1197 1738 1245 Costea-Ferrea

307 1272 431 1319 filius
451 1272 679 1320 Lotbroci
706 1273 828 1337 regis
849 1273 1121 1329 Danorum‚
1147 1291 1257 1318 cum
1276 1274 1509 1338 Hastingo
1532 1274 1738 1320 nutritio

307 1368 394 1397 suo
425 1361 471 1397 et
508 1352 690 1415 ingenti
722 1353 954 1414 juvenum
987 1350 1321 1406 multitudine,
1356 1350 1412 1396 ad
1441 1350 1738 1415 depopulan-

306 1429 384 1475 das
409 1440 600 1494 genteS,
639 1429 696 1476 de
721 1430 887 1494 vagina
917 1446 997 1474 sua
1027 1446 1237 1493 egressus
1271 1439 1356 1475 est.
1394 1429 1465 1474 Ex
1496 1429 1736 1492 insperato

306 1508 362 1554 de
382 1508 500 1553 mari
529 1508 661 1571 quasi
684 1507 829 1553 turbo
856 1507 1106 1554 vehemens
1133 1507 1183 1553 in
1207 1507 1410 1554 Galliam
1437 1507 1659 1564 intravit,
1689 1517 1736 1553 et

307 1585 479 1648 oppida
521 1584 760 1649 urbesque
800 1602 908 1630 cum
947 1594 1221 1631 sanctorum
1263 1582 1500 1630 coenobiis
1540 1595 1736 1647 repente

308 1662 656 1718 concremavit,
690 1671 734 1708 et
763 1679 846 1724 per
878 1661 1072 1725 triginta
1098 1679 1249 1708 annos
1274 1679 1415 1724 super
1439 1660 1734 1707 Christianos

308 1758 416 1786 cum
449 1741 542 1786 suis
575 1739 888 1803 complicibus
924 1738 1257 1785 insatiabiliter
1288 1740 1444 1785 furuit
1476 1739 1735 1802 (1).Tunc

308 1819 601 1881 Rotomagus
619 1829 666 1864 et
681 1817 991 1873 Noviomum‚
1006 1818 1312 1882 Turonisque
1327 1827 1374 1863 et
1384 1817 1510 1863 Picta
1519 1817 1604 1875 vis,
1616 1816 1736 1863 aliae-

308 1914 401 1960 que
421 1896 677 1960 praecipuae
703 1894 843 1942 urbes
863 1894 1125 1942 combustae
1146 1906 1258 1942 sunt
1286 1896 1376 1959 (2).
1407 1896 1616 1942 Inermes
1643 1912 1735 1959 po-

312 2113 357 2146 ici
373 2141 381 2153 ‚
404 2119 440 2145 ct
458 2123 503 2144 au
525 2111 644 2144 moins
659 2111 805 2157 jusqu⁷a
825 2110 1014 2144 Fini-asion
1036 2111 1099 2145 des
1116 2111 1220 2146 biens
1239 2119 1274 2146 et
1293 2112 1356 2147 des
1369 2112 1530 2159 dignites
1545 2112 1733 2148 ecclesias-

311 2174 431 2219 tiques
450 2183 516 2217 par
536 2171 585 2203 les
603 2170 742 2217 laiques
762 2182 845 2203 sous
863 2170 1015 2205 Charles
1036 2171 1179 2205 Martel.

358 2231 408 2276 (1)
430 2230 530 2263 Tout
547 2241 587 2262 ce
606 2229 834 2275 paragraphe
846 2257 854 2269 ,
876 2232 1073 2275 emprunte
1091 2243 1159 2264 aux
1179 2230 1390 2265 devancicrs
1402 2230 1601 2266 d’Orderic
1616 2232 1729 2274 Vstal,

313 2292 405 2325 n⁷est
423 2290 558 2337 qu'une
578 2290 671 2322 serie
689 2288 922 2323 d’assertions
950 2290 1082 2324 sausses
1103 2290 1306 2324 dementies
1326 2303 1390 2336 par
1411 2290 1462 2324 les
1482 2291 1733 2337 teinoignages

312 2344 622 2391 contemporains.
644 2343 753 2377 Biorn
772 2345 836 2385 Iffl',
864 2345 918 2378 roi
944 2344 1095 2391 d'Upsal
1108 2374 1116 2387 ‚
1140 2347 1353 2379 surnomnle
1372 2345 1538 2379 Jarnsida
1557 2346 1670 2390 (Cote
1688 2346 1735 2380 de

315 2406 404 2450 Fer)
424 2403 541 2450 parait
559 2402 659 2436 avoir
678 2404 766 2436 vecu
785 2404 803 2436 a
824 2403 854 2436 la
878 2402 925 2437 sin
951 2403 1000 2437 du
1023 2411 1099 2436 wne
1125 2404 1231 2437 siecle
1259 2416 1307 2438 ou
1330 2411 1410 2437 tout
1436 2416 1481 2438 au
1501 2416 1734 2439 commence-

314 2470 415 2497 ment
433 2462 482 2496 du
505 2469 561 2503 me,
584 2468 621 2495 et
639 2473 684 2495 ne
711 2462 778 2495 mit
793 2462 923 2506 janiais
941 2461 973 2496 le
992 2461 1077 2508 pied
1097 2474 1141 2496 en
1161 2463 1313 2496 France.
1340 2463 1516 2509 I-Iasting,
1537 2463 1627 2498 dont
1647 2475 1694 2498 on
1714 2477 1732 2497 a

312 2523 618 2568 siugulicrement
649 2523 801 2568 exagc're
836 2522 885 2555 les
917 2534 1063 2568 ravage-s
1092 2529 1127 2556 et
1155 2522 1205 2556 les
1236 2523 1436 2565 invasimus,
1476 2523 1568 2557 n'est
1597 2522 1734 2569 signale

312 2583 422 2616 ‹l'unc
449 2582 610 2615 maniere
639 2581 882 2628 autlxentique
902 2594 974 2628 que
993 2582 1082 2616 (lans
1099 2582 1132 2616 le
1156 2582 1276 2616 bassin
1297 2582 1341 2616 de
1366 2582 1398 2616 la
1417 2583 1524 2616 Loire
1540 2589 1578 2616 et
1595 2582 1627 2616 la
1645 2583 1732 2617 Bre-

315 2650 422 2687 iagnc
439 2653 483 2673 en
502 2640 568 2686 867
580 2667 587 2681 ‚
610 2638 695 2686 869,
719 2639 804 2682 882,
824 2641 904 2686 puis
919 2640 1008 2674 (lans
1025 2640 1117 2675 celui
1138 2641 1228 2675 dela
1244 2642 1391 2676 &omme
1404 2654 1449 2675 en
1467 2642 1546 2687 890.

361 2702 413 2745 (υἱ)
435 2701 478 2732 La
499 2699 679 2745 premiere
696 2699 919 2734 devastation
939 2701 984 2735 de
1006 2701 1134 2736 Rouen
1152 2702 1299 2736 cutlieu
1321 2702 1353 2736 lc
1377 2705 1416 2744 ¹4
1430 2702 1512 2747 juin
1529 2701 1614 2743 841,
1644 2701 1733 2735 celle

315 2761 357 2793 ilc
378 2760 499 2793 Tours
529 2770 574 2791 en
602 2756 687 2799 853,
710 2759 798 2793 celle
823 2759 868 2795 dc
887 2760 1015 2806 Novon
1042 2773 1086 2796 en
1107 2760 1175 2808 859
1189 2777 1196 2804 ;
1212 2769 1325 2808 quant
1344 2763 1361 2796 ὶι
1382 2761 1556 2804 poitiers,
1585 2764 1734 2808 :ittaque
