1951 3194
60 250 182 296 [mm
202 248 320 297 1083]
542 245 695 284 LIBER
724 245 964 293 QUINTUS.
1388 245 1466 282 419

59 327 419 390 generositatem
442 336 677 382 vestram‚
703 325 914 390 gloriose
938 325 1125 382 consul,
1141 323 1357 389 fideliter
1382 326 1467 370 ad-

62 421 230 450 moneo
248 415 314 459 ut,
336 403 452 448 dum
476 403 599 459 licet,
630 404 679 448 in
699 404 927 449 comitatu
948 414 1100 448 vestro
1122 402 1282 465 (quem
1298 402 1412 466 jure
1436 420 1467 446 a

53 480 279 545 patribus
316 497 411 526 non
446 490 725 526 consecutus
756 497 804 526 es
834 479 1167 540 haereditario)
1198 477 1470 525 monachile

64 568 271 604 castrum
305 569 470 603 contra
503 556 727 602 Satanan
758 567 1060 602 construatur
1087 556 1224 610 De0‚-
1262 555 1340 601 ubi
1374 573 1466 619 pro

63 636 228 680 anima
262 646 418 681 vestra
453 634 685 680 cucullati
724 634 913 696 pugiles
953 633 1210 679 Reliemotlz
1249 634 1471 696 conflictu

63 711 277 757 resistent
310 711 526 756 assiduo.
568 710 699 755 Ecce
731 727 874 774 super
903 709 1092 755 Molam
1113 709 1324 772 fluvium
1356 708 1471 754 milti

65 788 236 834 domus
260 799 327 833 est
335 801 365 844 ,¹
386 804 529 850 quam
553 804 706 851 nuper
727 786 902 832 dedisti
918 808 941 841 ,·
964 789 1111 850 juxta
1143 804 1286 850 quam
1321 788 1473 848 (sicut

66 881 194 910 anno
230 872 498 919 transacto,
540 873 651 908 ante
693 880 830 909 aram
874 864 1033 908 sancti
1071 864 1208 908 Petri
1230 863 1473 927 principis

66 940 408 1006 apostolorum,
435 940 600 986 Romae
627 950 789 985 votum
795 938 935 1004 feci)
968 939 1212 1004 lapideam
1231 939 1331 984 cedi
1347 950 1475 985 zcare

68 1018 318 1065 basilicam
349 1019 490 1083 coepi.
526 1018 796 1064 Basilicam
822 1019 1010 1081 itaque,
1049 1035 1222 1080 quam,
1258 1029 1309 1062 ut
1337 1016 1472 1072 disci,

67 1107 233 1159 sponte
269 1105 375 1140 voto
411 1096 714 1151 constrictus,
740 1092 918 1157 facere
949 1111 1102 1158 nuper
1133 1094 1344 1150 institui,
1378 1093 1475 1139 do-

68 1189 288 1235 mumque
321 1189 477 1218 meam
513 1189 621 1217 cum
663 1173 794 1217 omni
833 1182 1077 1236 apparatu
1116 1188 1219 1216 meo
1254 1170 1476 1234 gaudens

68 1251 216 1313 offero
249 1249 603 1314 Cunctipotenti
614 1271 634 1304 ,·
658 1266 823 1312 meque
840 1266 931 1313 pro
951 1266 1096 1313 posse
1119 1265 1222 1294 meo
1239 1248 1482 1313 polliceor

70 1327 343 1391 adjutorem
361 1325 431 1372 ad
446 1327 609 1372 omnia
623 1329 672 1371 in
692 1328 881 1372 nomine
897 1326 936 1371 J
935 1343 1015 1372 esu
1037 1325 1230 1371 Clzristi.
1250 1325 1480 1388 Exsurge

70 1404 311 1462 velociter,
337 1406 494 1469 incipe
515 1403 732 1461 viriliter,
758 1420 877 1468 opus
907 1404 1003 1450 Dei
1017 1405 1112 1464 fac
1134 1405 1398 1465 insigniter.

260 1508 363 1543 Tolle
382 1520 520 1548 moras;
540 1520 684 1553 semper
698 1509 820 1541 nocuit
837 1506 988 1555 dffrre
1006 1508 1148 1552 paratis
1161 1507 1223 1551 (1).

136 1600 281 1645 Multi
310 1599 523 1664 profecto
553 1599 755 1644 aderunt
789 1610 1146 1663 cooperatores,
1182 1610 1225 1643 et
1260 1609 1369 1662 post
1380 1596 1479 1661 fu—

71 1695 161 1722 nus
186 1677 330 1722 etiam
353 1686 563 1722 vestrum
578 1677 656 1740 pii
667 1694 759 1739 pro
779 1676 914 1722 vobis
941 1686 1166 1722 oratores.
1198 1675 1258 1720 In
1274 1676 1475 1740 primis,

73 1752 428 1800 advenientibus
450 1753 694 1799 monachis
721 1771 826 1799 cum
851 1754 1169 1799 caementariis
1194 1752 1266 1798 ad
1282 1753 1480 1817 jacien-

74 1831 189 1876 dum
210 1832 488 1876 monasterii
493 1830 875 1893 fundamentum
885 1868 900 1887 ,
926 1831 996 1876 ad
1020 1830 1368 1876 inchoationem
1390 1830 1479 1875 liu-

66 1907 343 1971 juscemodi
369 1909 613 1970 porrigam
649 1923 712 1953 xv
746 1906 894 1952 libras
924 1907 1254 1952 sterilensium.
1291 1906 1482 1951 Deinde

74 1988 303 2049 meipsum
318 2021 333 2041 ,
356 1995 400 2029 et
415 1984 730 2030 Benedictum
734 1984 902 2048 filium
914 2001 1070 2029 meum
1077 1985 1188 2048 jam
1212 1986 1482 2047 quinquen-

75 2083 207 2123 nem,
239 2076 282 2111 et
312 2066 478 2111 omnia
507 2082 614 2111 mea
643 2065 833 2111 tradam
860 2067 1177 2123 monasterio,
1213 2065 1303 2111 tali
1325 2076 1482 2111 tenore

78 2153 127 2187 ut
151 2143 363 2188 omnium
383 2160 536 2188 rerum
561 2159 774 2187 mearum
797 2141 1026 2188 medietas
1048 2159 1230 2188 mecum
1248 2141 1485 2188 subdatur

78 2218 417 2265 monachorum
456 2219 669 2265 dominio
688 2256 704 2276 ‚
753 2218 950 2283 aliaque
988 2219 1218 2265 medietas
1256 2220 1304 2264 E
1308 2218 1482 2266 brardo

65 2296 178 2360 filio
204 2313 305 2342 meo
328 2295 536 2342 dedatur
557 2295 643 2342 sub
663 2296 1005 2343 monachorum
1020 2298 1308 2361 patrocinio.
1331 2298 1483 2341 Porro

73 2374 448 2439 primogenitum
468 2374 537 2436 (2)
566 2373 872 2436 (Ordericum
894 2373 1149 2436 videlicet)
1174 2390 1326 2418 meum.
1343 2374 1483 2437 jam-

82 2451 267 2498 dudum
292 2451 457 2497 litteris
481 2451 787 2497 imbuendum
814 2450 1002 2498 liberali
1024 2450 1281 2497 didascalo
1306 2451 1486 2496 manci-

128 2619 178 2663 (1)
204 2617 356 2660 Lucam,
378 2617 525 2659 Pharsu,
547 2630 574 2657 ι,
596 2617 677 2651 281.

129 2679 178 2722 (2)
204 2678 269 2712 Les
296 2677 391 2712 deux
420 2685 514 2712 mots
542 2678 603 2723 qui
634 2678 774 2711 suivcnt
804 2682 1001 2721 manquent
1033 2674 1121 2709 dans
1154 2674 1185 2709 le
1218 2673 1416 2708 manuscrit
1444 2673 1488 2707 (le

90 2732 370 2771 Sssiut-Evn·oult.
