1951 3194
392 305 471 344 214
755 308 1000 346 HisToRlA
1031 307 1434 348 ECCLESIAS'HCA.
1671 315 1812 364 [1070]

455 386 694 435 Defuncto
708 387 968 435 Guillelmo
986 387 1353 435 Ebroicensium
1369 391 1608 455 episcopo,
1630 392 1813 439 Baldui-

391 482 481 511 nus
499 464 629 511 ducis
650 465 916 528 capellanus
937 465 1175 520 successit,
1198 476 1245 511 et
1268 467 1576 528 praesulatum
1592 468 1692 515 fere
1710 486 1811 533 sep-

393 552 489 588 tem
507 542 641 587 anuis
667 542 947 606 regulariter
971 542 1111 588 rexit.
1141 542 1247 601 Quo
1268 542 1496 590 defuncto
1520 545 1814 592 Gislcbertus

392 619 592 667 Osbcrni
622 619 745 665 filius
770 621 1027 667 canonieus
1059 630 1106 666 et
1130 619 1488 667 archidiaconus
1514 623 1815 670 Lexoviensis

392 697 632 756 successit,
655 708 702 743 et
722 698 1044 762 episcopatum
1065 697 1169 761 plus
1189 715 1331 762 quam
1356 715 1456 744 xxx
1475 699 1612 744 anuis
1631 699 1816 747 utiliter

394 776 573 832 tenuit,
595 786 642 822 et
666 793 738 822 res
763 776 970 823 ecclesiae
993 775 1157 822 multis
1175 776 1329 822 modis
1351 777 1506 834 auxit,
1530 777 1819 842 solertiaque

393 872 472 900 sua
511 853 795 900 emendavit.
835 855 979 901 lvone
1017 872 1130 901 vero
1165 855 1457 918 Sagiensium
1491 855 1695 919 praesule
1730 857 1817 902 de—

390 930 584 987 functo,
611 929 880 977 Rodbertus
906 930 1108 978 Huberti
1135 930 1191 977 de
1214 932 1297 977 Ria
1320 931 1443 978 filius
1465 932 1712 989 successit,
1733 932 1816 996 qui

390 1008 490 1055 fere
517 1025 586 1055 ΧΠ
607 1009 742 1055 annis
758 1009 1032 1072 preesulatui
1052 1009 1271 1073 praefuit,
1295 1020 1340 1056 et
1360 1011 1456 1073 ipse
1475 1011 1596 1056 circa
1616 1011 1700 1057 Dei
1723 1010 1821 1057 cul-

396 1098 501 1133 tum
523 1087 708 1134 fervens
735 1087 979 1151 religiosos
1010 1087 1215 1132 multum
1241 1088 1407 1134 dilexit
1433 1089 1523 1151 (ι).

451 1164 552 1211 Vll.
564 1165 646 1209 His
656 1162 953 1226 temporibus
964 1164 1229 1227 opitulante
1238 1165 1384 1228 gratia
1397 1165 1480 1210 Dei
1492 1182 1578 1228 pax
1590 1165 1639 1210 in
1651 1164 1818 1229 Anglia

394 1241 646 1306 regnabat,
676 1253 722 1288 et
746 1242 970 1288 securitas
994 1242 1234 1306 aliquanta
1259 1242 1430 1305 procul
1453 1241 1652 1305 repulsis
1678 1241 1822 1289 latro-

395 1320 536 1366 nibus
556 1318 845 1366 habitatores
870 1330 1012 1367 terrae
1033 1319 1294 1366 refovebat.
1319 1320 1536 1367 Civiliter
1553 1319 1692 1383 Angli
1714 1337 1822 1366 cum

395 1398 687 1445 Normannis
707 1396 1047 1445 cohabitabant
1067 1398 1113 1443 in
1137 1397 1323 1461 burgis,
1345 1398 1508 1443 castris
1528 1407 1574 1444 et
1590 1396 1793 1443 urbibus
1807 1434 1821 1455 ,

396 1475 652 1523 connubiis
666 1476 799 1523 alteri
820 1476 994 1523 alteros
1011 1487 1183 1523 mutuo
1201 1475 1289 1521 sibi
1309 1477 1577 1540 conjungen
1586 1485 1669 1521 tes.
1684 1475 1825 1522 Vicos

404 1688 526 1733 1052),
548 1688 605 1722 fut
624 1687 851 1734 archeveque
873 1687 918 1721 de
934 1687 1066 1721 Rouen
1087 1688 1191 1732 apres
1209 1688 1299 1721 Jeau
1317 1686 1565 1721 d’Avranches
1578 1713 1587 1727 ,
1605 1699 1651 1720 en
1676 1698 1774 1734 ¹⁰79·
1797 1685 1829 1720 11

400 1748 489 1783 etait
516 1760 561 1782 en
587 1746 671 1781 cffet
696 1747 824 1780 cousin
852 1746 898 1780 de
922 1745 1061 1781 Girard
1083 1745 1211 1779 Fleitcl
1238 1746 1513 1791 (Flagitellus),
1541 1746 1627 1791 pere
1653 1745 1697 1779 de
1717 1744 1829 1779 Guil-

398 1809 521 1843 laume
541 1809 595 1851 ΙΤ,
619 1807 756 1854 eveque
780 1798 960 1840 d'Evreux
984 1805 1236 1850 (mm-1066).
1259 1806 1355 1839 C’cst
1376 1805 1421 1839 de
1441 1818 1481 1839 ce
1504 1817 1732 1852 personnage
1757 1817 1829 1851 que

401 1868 452 1902 les
472 1878 684 1902 communes
704 1866 748 1900 de
764 1865 1015 1900 Saint-Pierre
1030 1872 1065 1898 et
1084 1864 1128 1898 (le
1145 1863 1753 1899 Saini-Donis-du-ssose-Guerard
1770 1876 1830 1910 pa·

402 1930 558 1963 raissent
583 1928 683 1961 avoir
702 1927 777 1973 pris
801 1925 882 1960 leur
901 1938 1001 1960 nom.
1023 1925 1053 1959 ll
1071 1925 1193 1958 donna
1216 1924 1248 1958 la
1277 1924 1433 1959 seconde
1456 1926 1476 1958 a
1501 1923 1831 1959 Saint-Wandrille

403 2002 469 2036 par
489 2000 561 2022 une
585 1987 712 2021 charte
736 1992 888 2033 portant
914 1985 946 2019 la
966 1985 1213 2030 souscription
1233 1984 1277 2018 de
1300 1983 1831 2031 Guillaume-le-Conqucraut

405 2055 441 2083 ct
465 2047 510 2082 de
528 2046 742 2081 Guillaume
768 2045 961 2092 d’Arques.
983 2044 1089 2078 Cette
1109 2044 1358 2078 circonstance
1382 2055 1520 2089 prouve
1546 2042 1635 2090 qu⁷il
1661 2045 1831 2077 survecut

404 2120 499 2143 assez
520 2107 749 2152 long-temps
767 2117 836 2139 aux
855 2104 943 2138 dues
972 2103 1135 2138 Ricliard
1160 2104 1196 2137 II
1226 2110 1262 2137 et
1282 2102 1447 2137 Richard
1476 2103 1543 2137 HI.
1562 2122 1608 2128 ——
1626 2102 1656 2136 ll
1681 2115 1726 2137 ue
1754 2102 1831 2137 saut

404 2179 469 2214 pas
489 2165 648 2213 prendre
669 2166 688 2198 a
708 2164 741 2198 la
758 2164 866 2197 lettre
888 2162 938 2197 les
951 2164 1178 2219 expressions
1197 2162 1242 2197 de
1259 2170 1364 2197 notre
1380 2170 1523 2205 auteur,
1544 2163 1607 2209 qui
1623 2162 1832 2196 tendi-aient

406 2228 425 2261 a
443 2227 532 2261 faire
547 2225 665 2259 croire
687 2235 758 2270 que
777 2221 909 2267 l'abhaf
920 2234 939 2256 e
957 2221 1001 2256 de
1017 2222 1290 2256 Saiut-Etienne
1305 2222 1422 2256 aurait
1436 2223 1494 2256 ete
1507 2220 1629 2268 placee
1644 2220 1732 2255 dans
1751 2220 1830 2255 l’in-

408 2288 549 2322 terieur
568 2284 619 2319 du
638 2284 791 2319 chziteau
810 2282 854 2317 de
872 2283 983 2318 Caen.

458 2348 510 2392 (ι)
537 2345 598 2381 On
618 2355 729 2391 pense
746 2343 915 2390 qu'entre
933 2342 1147 2377 Guillaume
1165 2340 1295 2376 Fleitel
1313 2347 1348 2374 et
1367 2339 1557 2375 Baudouin
1569 2368 1578 2383 ,
1596 2340 1622 2374 il
1635 2352 1654 2374 a
1672 2352 1720 2387 pu
1741 2339 1833 2374 exis-

409 2415 466 2442 ter
495 2419 546 2440 un
574 2411 678 2440 autre
703 2403 840 2450 eveque
862 2403 1010 2436 nomme
1034 2400 1182 2436 Michel.
1209 2401 1260 2436 Ce
1284 2400 1371 2448 qu’il
1397 2413 1419 2446 y
1442 2413 1461 2434 a
1488 2399 1533 2434 de
1559 2400 1720 2443 certain,
1745 2400 1833 2435 c'est

409 2478 481 2514 que
499 2463 692 2499 Baudouin
709 2462 799 2496 etait
818 2461 954 2507 evequc
967 2452 1148 2494 d’Eheux
1166 2467 1272 2494 avant
1287 2460 1320 2495 le
1342 2460 1381 2495 18
1396 2461 1481 2506 juin
1500 2459 1607 2502 1066,
1630 2461 1772 2507 epoque
1786 2459 1832 2493 de

410 2527 444 2561 la
463 2525 634 2560 dedicace
648 2523 693 2557 de
711 2522 744 2556 la
761 2521 1054 2557 Sainte-Trinite
1069 2520 1114 2554 de
1132 2520 1248 2562 Caen,
1270 2520 1319 2554 οὺ
1334 2519 1359 2554 il
1374 2519 1489 2566 figura
1506 2532 1551 2554 en
1567 2526 1661 2554 cette
1678 2518 1829 2566 qualite.

411 2586 504 2620 Mais
523 2590 630 2618 notre
645 2588 776 2617 auteur
793 2592 830 2615 se
844 2587 988 2627 trompe
1007 2592 1069 2614 sur
1083 2579 1116 2614 le
1130 2579 1284 2614 nombre
1303 2579 1349 2614 de
1363 2591 1418 2614 ses
1434 2580 1567 2613 aunees
1588 2577 1827 2624 d'episcopat‚

411 2642 586 2691 puisqu⁷il
605 2647 758 2676 mourut
775 2652 821 2674 en
840 2652 937 2688 1070.
962 2638 1169 2682 Gislebert,
1197 2650 1262 2672 son
1279 2649 1499 2681 successeur,
1521 2649 1657 2683 occupa
1673 2648 1713 2670 ce
1732 2636 1831 2683 siege

412 2707 685 2747 trente-quatre
703 2710 784 2742 ans,
807 2710 949 2733 comme
968 2710 1060 2732 nous
1078 2697 1111 2732 lc
1132 2709 1281 2732 verrons
1299 2696 1379 2744 plus
1398 2695 1493 2731 tard.
1515 2696 1593 2730 Ives
1609 2694 1655 2729 de
1675 2693 1832 2729 Belleme

415 2767 566 2795 mourut
585 2759 679 2793 aussi
697 2771 742 2793 en
762 2770 867 2805 1070,
888 2764 925 2792 et
943 2757 1084 2792 Robert
1103 2756 1147 2791 de
1167 2756 1236 2791 Rie
1253 2768 1330 2791 vers
1354 2755 1458 2799 1082,
1478 2754 1769 2790 consorniement
1785 2765 1832 2787 au

414 2819 507 2853 recit
525 2818 569 2852 de
588 2824 693 2852 notre
711 2823 852 2851 auteur.
