1951 3194
384 255 459 292 172
750 252 992 291 HISTORIA
1024 251 1428 293 ECCLESIASTICA.
1663 257 1801 306 [1067]

381 333 425 377 ri
457 331 740 388 tuebantur,
768 343 815 378 et
846 349 986 396 super
1010 349 1115 391 eos,
1146 333 1228 397 qui
1251 333 1472 397 gravibus
1501 336 1804 382 contumeliis

382 409 535 455 affecti
566 409 892 473 querimonias
927 407 1157 474 agebant,
1190 411 1336 474 magis
1369 409 1799 458 debacchabantur.

382 488 562 534 Amissa
583 488 741 551 itaque
755 485 975 534 libertate
990 487 1130 552 Angli
1147 487 1454 535 vehementer
1467 490 1804 554 ingemiscunt,

381 579 428 614 et
452 566 656 612 vicissim
677 565 882 630 qualiter
907 565 1207 614 intolerabile
1221 569 1418 633 jugum,
1440 568 1625 633 sibique
1642 568 1805 616 hacte-

382 663 471 691 nus
497 644 745 691 insolitum
762 645 1006 691 excutiant
1021 644 1263 693 subtiliter
1288 647 1557 712 inquirunt.
1585 647 1735 712 Igitur
1750 647 1807 694 ad

382 723 593 768 §uenum
610 739 768 786 regem
782 721 1029 768 Danorum
1045 724 1087 784 (1
1099 723 1118 785 )
1129 722 1360 787 dirigunt,
1375 735 1455 788 atq
1463 741 1516 770 ue
1534 734 1588 769 ut
1604 741 1806 788 regnum

382 798 567 863 Angliae
581 835 593 856 ‚
620 798 749 864 quod
774 799 958 845 Suenus
977 809 1023 845 et
1047 798 1299 846 Chunutus
1316 801 1387 845 avi
1409 803 1506 865 ejus
1526 801 1668 847 armis
1687 799 1807 848 obti-

382 886 595 923 nuerunt
614 911 625 931 ,
647 886 889 940 reposcat,
918 887 1165 940 expetunt.
1188 877 1332 924 Ultro
1359 878 1407 924 in
1434 879 1631 925 exilium
1656 878 1803 942 aliqui

380 953 666 1018 profugiunt
682 990 695 1011 ‚
721 971 818 1019 quo
850 966 1062 1001 extorres
1081 955 1154 1002 vel
1178 973 1202 1001 a
1227 966 1458 1020 potestate
1491 957 1805 1004 Normanno-

385 1049 493 1077 rum
518 1032 614 1077 sint
638 1030 807 1088 liberi,
837 1032 911 1078 vel
935 1031 1106 1095 opibus
1130 1032 1294 1079 alienis
1314 1034 1438 1079 aucti
1459 1043 1626 1082 contra
1650 1051 1728 1081 eos
1747 1034 1804 1080 ad

384 1108 649 1156 recidivum
663 1119 904 1156 certamen
924 1120 1244 1156 revertantur.
1266 1111 1467 1171 Quidam
1483 1123 1641 1159 autem
1660 1129 1715 1159 ex
1739 1112 1803 1159 eis

383 1185 598 1251 pulchrae
618 1188 884 1251 juventutis
909 1187 1029 1234 flore
1054 1199 1305 1235 vernantes
1332 1189 1617 1254 longinquas
1646 1190 1804 1253 regio-

382 1285 464 1314 nes
491 1266 738 1324 adiemlnt,
776 1277 823 1313 et
853 1266 1038 1313 militiae
1062 1266 1214 1313 Alexii
1240 1267 1540 1331 imperatoris
1565 1268 1804 1315 Constan-

384 1345 693 1409 tinopolitani
714 1362 809 1392 sese
834 1345 1054 1392 audacter
1070 1344 1372 1393 obtulerunt.
1393 1348 1509 1393 Erat
1534 1345 1656 1393 idem
1680 1346 1803 1392 mul-

383 1434 485 1470 tum
518 1425 700 1487 sapiens
727 1434 774 1470 et
805 1424 940 1471 mirae
975 1423 1280 1488 dapsilitatis;
1310 1435 1476 1472 contra
1504 1441 1648 1489 quem
1668 1424 1804 1471 Rod-

379 1499 543 1547 bertus
569 1501 845 1547 XViscardus
860 1500 1045 1564 Apuliae
1062 1500 1157 1546 dux
1176 1518 1287 1548 cum
1306 1502 1401 1547 suis
1427 1499 1652 1548 omnibus
1674 1519 1802 1547 arma

381 1579 614 1625 levaverat
628 1579 677 1624 in
690 1578 920 1624 auxilium
938 1577 1180 1626 Michaelis
1193 1617 1207 1636 ‚
1226 1597 1370 1644 quem
1387 1580 1534 1626 Danai
1547 1579 1603 1627 de
1625 1578 1803 1627 throno

382 1658 611 1721 imperiali
630 1657 912 1721 expulerant
932 1658 1261 1722 indignatione
1272 1660 1521 1706 senatoriae
1537 1660 1799 1723 potestatis.

382 1734 558 1780 Exules
592 1735 738 1798 igitur
767 1734 1036 1798 Anglorum
1072 1734 1399 1782 favorabiliter
1436 1754 1458 1781 a
1484 1734 1663 1782 Graecis
1699 1753 1800 1781 sus-

381 1813 503 1876 cepti
537 1823 670 1868 sunt,
708 1823 753 1859 et
778 1812 1115 1859 Normannicis
1140 1813 1432 1877 legionibus,
1465 1832 1571 1878 quae
1599 1814 1804 1859 nimium

388 1889 584 1953 Pelasgis
600 1889 986 1945 adversabantur,
1000 1891 1206 1954 oppositi
1217 1902 1345 1936 sunt.
1361 1891 1599 1955 Augustus
1609 1890 1802 1936 Alexius

379 1965 549 2013 urbem
563 2003 575 2023 ,
597 1984 704 2031 quae
722 1966 953 2014 Chevetot
970 1966 1164 2024 dicitur,
1189 1968 1354 2034 Anglis
1374 1968 1498 2014 ultra
1518 1968 1804 2033 Byzantium

383 2047 534 2109 coepit
555 2046 784 2102 condere,
814 2046 891 2093 sed
917 2047 1119 2092 nimium
1148 2046 1483 2094 infestantibus
1511 2046 1802 2093 Normannis

383 2142 460 2170 eos
490 2124 546 2169 ad
588 2124 757 2171 urbem
790 2126 966 2190 regiam
1003 2126 1215 2181 reduxit,
1255 2137 1302 2172 et
1337 2126 1511 2172 eisdem
1541 2124 1802 2188 principale

381 2201 610 2264 palatium
637 2220 745 2247 cum
771 2201 1006 2266 regalibus
1035 2202 1263 2249 thesauris
1289 2201 1498 2247 tradidit.
1528 2203 1625 2247 Hac
1645 2202 1802 2265 itaque

382 2279 439 2325 de
463 2297 595 2324 causa
621 2279 827 2326 Saxones
850 2280 989 2344 Angli
1011 2281 1193 2327 Ioniam
1217 2282 1542 2343 expetierunt,
1568 2289 1614 2325 et
1638 2278 1722 2343 ipsi
1751 2295 1802 2324 ac

380 2356 588 2404 haeredes
617 2375 784 2404 eorum
809 2375 940 2405 sacro
966 2359 1167 2422 imperio
1192 2357 1395 2404 fideliter
1412 2356 1628 2404 famulati
1653 2367 1762 2404 sunt
1780 2393 1793 2414 ,

427 2597 475 2639 (ι)
503 2596 632 2641 chyn
654 2607 699 2629 ou
723 2595 869 2630 Sucnon
890 2596 923 2629 ΙΙ
947 2596 1156 2630 Estrithson
1181 2596 1353 2639 (1044—28
1375 2595 1463 2629 avril
1495 2596 1581 2641 1074
1604 2603 1651 2627 ou
1675 2592 1796 2640 1076).

380 2659 430 2690 <jc
452 2657 576 2701 princc
598 2657 722 2690 isc-tait
747 2657 851 2702 point
876 2656 908 2690 le
932 2656 1154 2691 descendant
1178 2656 1223 2690 de
1247 2653 1592 2695 Canut-le-Grand,
1619 2653 1708 2687 mais
1734 2664 1798 2687 son

382 2727 505 2748 neven⁷
527 2717 568 2749 b'a
594 2718 689 2750 inii-rc
714 2717 849 2751 listrith
870 2718 956 2750 arai!
977 2719 1032 2752 cle
1054 2718 1187 2753 marnjv
1204 2716 1352 2752 ‹rahord
1374 2718 1391 2750 a
1410 2713 1571 2749 Richard
1587 2713 1641 2750 ll,
1663 2711 1733 2747 (luc
1754 2712 1798 2749 ‹lc

385 2774 627 2809 Norinantlir⁴
652 2777 713 2820 qui
736 2776 764 2810 la
787 2776 952 2822 repudia.
