1951 3194
361 271 438 310 454
723 267 966 307 HISTORIA
996 266 1397 305 ECCLESIASTICA.
1505 270 1624 317 [cmm
1646 270 1764 318 1118]

358 350 591 413 suscipere
626 347 850 393 Manliam
878 345 1032 400 venit,
1067 354 1218 391 totam
1247 344 1487 390 ecclesiam
1521 346 1569 391 in
1602 346 1765 391 Marco

358 429 496 472 sitam
513 461 525 481 ‚
563 435 608 471 et
645 422 896 469 dimidium
933 422 1069 479 atrii,
1109 420 1399 485 decimaeque
1433 422 1672 469 monachis
1711 423 1764 467 B.

358 502 544 551 Ebrulfi
581 500 793 547 donavit.
840 501 951 545 Haec
990 499 1255 545 Emmelina
1300 515 1420 544 uxor
1460 501 1556 562 ejus
1596 510 1643 546 et
1683 499 1768 546 filii

359 597 526 627 eorum
545 587 880 625 concesserunt
904 598 913 622 :
937 576 1243 632 Guillelmus,
1267 577 1431 622 Simon
1447 611 1461 633 ,
1488 577 1650 640 Hugo,
1674 577 1770 624 Ste-

357 659 540 723 phanus
559 668 605 704 et
621 658 847 722 Paganus.
866 654 1047 703 Deinde
1064 656 1201 719 Hugo
1218 654 1368 701 Rufus
1387 654 1442 701 de
1456 654 1679 701 Fresneio
1697 656 1767 718 (1)

362 736 440 799 (de
464 737 593 799 cujus
620 734 761 781 feudo
785 733 1059 781 Goisfredus
1084 733 1329 795 tenuerat)
1358 732 1587 778 Manliam
1612 733 1767 788 venit,

359 812 675 877 precibusque
695 811 1043 858 monachorum
1063 809 1294 875 quidquid
1314 808 1586 856 Goisfredus
1604 826 1770 855 mona-

363 890 460 936 chis
484 890 700 945 dederat,
731 890 948 954 quietum
970 887 1028 933 ab
1052 887 1182 935 omni
1210 888 1404 934 servitio
1425 887 1677 943 concessit3
1710 888 1770 932 ita

364 979 417 1013 ur.
431 1003 444 1024 ‚
473 968 506 1013 si
531 967 738 1014 haeredes
756 967 813 1013 de
831 968 998 1013 Marco
1019 967 1057 1012 ei
1080 966 1357 1024 servierint,
1377 965 1648 1012 debitumve
1669 982 1773 1011 ser-

364 1046 532 1090 vitium
557 1045 892 1108 denegaverint
908 1079 920 1099 ‚
948 1043 1167 1090 monachi
1193 1060 1376 1106 semper
1394 1042 1540 1090 libere
1562 1053 1769 1091 teneant.

363 1125 464 1170 Hoc
488 1123 628 1169 etiam
656 1122 926 1168 Gualterius
954 1121 1099 1167 frater
1123 1124 1218 1184 ejus
1246 1121 1491 1168 concessit.

429 1199 698 1247 Gualterius
717 1197 1026 1262 Heldeburgis
1044 1198 1184 1255 filius,
1204 1210 1454 1263 postquam
1469 1197 1627 1245 lethali
1644 1198 1777 1262 plaga

365 1278 637 1324 vulneratus
669 1277 790 1333 suit,
821 1277 1065 1322 monachis
1102 1277 1290 1323 Manliae
1333 1287 1482 1323 totam
1520 1275 1774 1329 decimam,

368 1373 512 1419 quam
534 1354 740 1401 Puseolis
763 1353 820 1400 (16
844 1353 985 1400 feudo
1007 1354 1174 1400 Hervei
1201 1354 1285 1400 filii
1308 1354 1537 1401 Heroardi
1563 1351 1778 1407 habebat,

367 1432 592 1487 donavit3
628 1431 788 1496 ibique
823 1430 1108 1496 Isemburgis
1148 1449 1268 1478 uxor
1309 1433 1431 1494 ejus,
1475 1449 1583 1476 cum
1628 1429 1779 1475 tribus

368 1511 597 1557 Gualterii
624 1509 853 1555 fratribus
876 1531 885 1555 ε
913 1510 1115 1556 Ricardo
1145 1519 1192 1556 et
1213 1508 1455 1557 Tedbaldo
1478 1520 1619 1574 atque
1645 1509 1780 1556 Gois-

368 1589 530 1645 fredo,
558 1589 692 1634 affuit
717 1599 763 1635 et
788 1589 1034 1634 concessit.
1061 1590 1268 1634 Herveus
1293 1605 1507 1652 quoque,
1541 1587 1664 1633 filius
1688 1589 1782 1634 He-

369 1666 545 1721 roardi,
570 1682 734 1711 omnes
758 1665 975 1720 decimas,
1005 1683 1119 1728 quas
1138 1664 1263 1727 apud
1285 1665 1536 1711 Puseolum
1560 1663 1778 1719 habebat,

370 1742 567 1796 annuit;
597 1751 644 1787 et
676 1741 840 1786 Simon
872 1740 929 1786 de
958 1741 1090 1787 Toiri
1121 1741 1191 1803 (2)
1217 1751 1398 1803 partem
1425 1740 1648 1795 decimae,
1674 1757 1782 1804 quae

370 1821 427 1865 de
444 1817 587 1865 feudo
606 1836 691 1865 suo
709 1829 825 1874 erat,
841 1819 1084 1864 monachis
1099 1819 1346 1864 concessit.
1366 1816 1586 1864 Monachi
1604 1828 1778 1872 autem,

372 1915 432 1943 ne
467 1897 560 1942 ulla
586 1907 845 1960 superesset
877 1896 1135 1951 calumnia,
1169 1895 1402 1941 dederunt
1430 1899 1613 1941 Herveo
1640 1912 1782 1941 unam

373 1975 569 2020 domum
585 1992 691 2019 cum
705 1974 867 2019 multis
879 1972 1158 2020 utensilibus
1174 1990 1261 2036 pro
1277 1982 1483 2037 quatuor
1500 1972 1634 2018 libris
1651 1972 1783 2019 dena-

374 2053 557 2098 riorum
576 2088 586 2107 ‚
623 2062 669 2098 et
702 2070 850 2097 unum
878 2052 1154 2115 aripennem
1179 2052 1328 2097 vineae
1353 2051 1409 2096 ad
1432 2050 1655 2115 guardam
1682 2051 1779 2114 <3);

374 2146 517 2192 quem
556 2128 823 2174 Gualterius
854 2128 976 2173 filius
1009 2129 1148 2192 Alpes
1192 2129 1239 2173 S.
1273 2129 1435 2174 Mariae
1476 2128 1698 2181 dederat;
1738 2139 1785 2174 et

375 2205 587 2251 Odelinae
613 2206 800 2268 conjugi
826 2207 920 2267 ejus
941 2205 1018 2267 (de
1038 2207 1167 2268 cujus
1187 2205 1296 2251 dote
1321 2205 1440 2267 erat)
1461 2222 1611 2250 unum
1637 2204 1783 2249 fusta-

422 2419 472 2463 (1)
497 2417 778 2451 Probablement
796 2416 940 2450 Fresnai
956 2444 964 2458 ‚
985 2416 1136 2451 hameau
1155 2428 1200 2449 au
1218 2416 1254 2449 S.
1279 2415 1325 2449 O.
1348 2414 1393 2449 de
1410 2415 1543 2461 Mai-eq.

421 2477 470 2521 (2)
497 2475 600 2510 Toiri
614 2504 622 2517 ,
642 2475 724 2521 pres
742 2476 882 2521 Marcq.

422 2533 471 2581 (5)
498 2534 599 2569 Nous
620 2545 774 2579 pensons
791 2544 861 2579 que
881 2532 1027 2578 guarda
1053 2540 1107 2567 est
1127 2532 1200 2578 pris
1225 2532 1269 2565 ici
1292 2531 1380 2565 dans
1399 2531 1431 2565 16
1450 2542 1530 2565 sens
1553 2529 1598 2564 de
1622 2529 1721 2563 droit
1739 2528 1785 2563 de

379 2592 507 2637 garde,
530 2593 629 2626 droit
645 2592 754 2638 qu'on
778 2591 898 2637 payait
916 2603 960 2623 au
980 2591 1151 2636 seigneur
1172 2601 1266 2636 pour
1285 2589 1317 2622 la
1338 2588 1446 2635 garde
1466 2588 1510 2622 de
1529 2599 1564 2621 sa
1582 2587 1779 2634 propriete.

376 2651 565 2685 l’cut-etre
584 2651 677 2684 aussi
697 2650 942 2684 devons-nous
961 2662 980 2694 y
1002 2650 1078 2683 voir
1095 2662 1143 2683 un
1162 2660 1246 2683 nom
1267 2648 1312 2682 de
1330 2648 1402 2682 lieu
1420 2654 1455 2682 et
1473 2647 1539 2681 lire
1564 2662 1569 2679 τ
1592 2645 1643 2680 ad
1664 2646 1784 2679 Guar—

380 2709 477 2742 dam.
508 2710 535 2742 11
559 2722 579 2753 y
603 2724 618 2743 a
645 2711 662 2743 ἐι
692 2708 811 2742 Maule
837 2721 884 2741 1111
909 2708 987 2742 bois
1016 2708 1059 2742 (16
1086 2708 1117 2741 la
1144 2708 1287 2747 Garde„
1320 2707 1452 2741 section
1482 2706 1512 2739 D
1540 2705 1589 2739 du
1617 2704 1699 2750 plan
1725 2715 1783 2736 ca-

379 2767 506 2800 ‹laslrzil
