1951 3194
361 268 435 304 152
723 266 966 304 HisToRiA
998 266 1399 306 ECCLESIASTICA.
1634 271 1771 321 [1066]

356 344 488 391 valde
521 362 678 408 aspera
711 355 758 390 et
799 345 1040 408 inopinata
1060 381 1072 401 ‚
1113 344 1301 407 quidam
1341 347 1397 395 de
1430 350 1624 413 pulvere
1657 368 1772 414 pro-

355 423 523 468 siliunt
549 423 604 468 ad
630 439 909 487 magnarum
936 431 1224 486 potestatum
1254 424 1486 485 culmina,
1517 427 1691 492 aliique
1715 428 1772 473 de

356 518 542 547 summo
563 501 692 564 apice
710 499 870 547 subito
889 500 1010 564 pulsi
1029 511 1229 565 gemunt
1249 502 1295 547 in
1318 502 1499 567 ingenti
1522 506 1768 552 moestitia.

355 580 429 625 Sic
466 579 607 625 Githa
642 578 853 626 Goduini
890 580 1077 627 comitis
1109 579 1296 637 relicta,
1326 581 1568 645 quondam
1597 583 1773 629 divitiis

351 657 558 722 gaudens
589 667 635 704 et
660 659 897 722 potentia,
924 676 1053 704 nunc
1081 658 1232 705 nimio
1255 676 1468 707 moerore
1492 671 1561 707 est
1583 661 1743 708 affecta
1758 698 1770 718 ,

352 736 462 800 quia
484 735 703 798 gravibus
727 736 1004 783 infortuniis
1027 735 1332 785 vehementer
1355 748 1424 785 est
1447 738 1631 785 afflicta.
1654 739 1774 786 Nam

354 824 534 878 septem
572 813 696 860 filios
729 814 834 861 viro
867 831 951 860 suo
980 814 1166 877 peperit
1194 834 1203 859 :
1236 815 1471 871 Suenum‚
1498 816 1772 872 Tosfficum,

354 891 636 948 Heraldum,
664 890 879 946 Guorth‚
907 890 1184 955 Elfgarum,
1214 891 1498 938 Leofvinum
1524 903 1571 939 et
1596 893 1777 940 VVlno-

354 969 467 1015 dum
482 970 501 1033 (
514 988 523 1015 1
537 970 575 1033 )
588 969 763 1017 Omnes
777 968 824 1015 hi
837 971 1034 1016 comites
1048 969 1264 1025 fuerunt,
1280 987 1548 1035 magnoque
1561 972 1775 1034 corporis

354 1046 524 1094 decore
549 1058 597 1093 et
624 1047 838 1093 saeculari
871 1046 1111 1111 probitate
1134 1046 1422 1111 viguerunt3
1462 1046 1540 1094 sed
1568 1047 1775 1095 diversos

357 1138 403 1172 et
424 1136 605 1173 atroces
627 1135 822 1173 eventus
847 1126 1096 1189 separatim
1123 1127 1305 1189 experti
1331 1137 1459 1172 sunt.
1487 1126 1709 1191 Elfgarus
1731 1137 1778 1173 et

357 1203 598 1250 Wlnodus
630 1205 783 1251 Deum
814 1203 1062 1268 diligentes
1090 1204 1167 1267 pie
1198 1204 1501 1268 legitimeque
1524 1205 1773 1262 vixerunt,

356 1293 404 1329 et
428 1282 475 1328 in
497 1299 604 1328 vera
631 1280 929 1327 confessione
951 1280 1086 1344 prior
1112 1280 1272 1326 Remis
1297 1280 1575 1345 peregrinus
1599 1291 1647 1328 et
1669 1298 1780 1328 mo·-

356 1360 535 1408 nachus
551 1396 564 1418 ‚
587 1371 634 1407 et
652 1360 771 1407 alter
790 1359 1062 1406 Salesberiae
1082 1361 1152 1423 (2)
1171 1358 1508 1407 venerabiliter
1531 1359 1775 1408 obierunt.

358 1440 539 1487 Verum
575 1439 651 1484 alii
682 1439 899 1503 quinque
929 1437 1124 1484 diversis
1158 1438 1206 1482 in
1239 1437 1378 1494 locis,
1416 1438 1652 1502 variisque
1683 1448 1779 1484 stu-

358 1518 446 1564 diis
485 1517 659 1564 intenti
697 1516 840 1561 armis
880 1515 1186 1562 interierunt.
1231 1515 1410 1561 Moesta
1449 1515 1594 1580 igitur
1629 1525 1781 1563 mater

359 1595 618 1642 Guillelmo
646 1594 753 1640 duci
780 1610 871 1657 pro
900 1610 1102 1657 corpore
1131 1591 1320 1638 Heraldi
1350 1610 1435 1657 par
1460 1593 1560 1639 auri
1590 1593 1779 1657 pondus

358 1673 562 1729 obtulit,
586 1672 663 1719 sed
688 1671 1017 1736 magnanimus
1036 1671 1192 1716 victor
1212 1670 1303 1717 tale
1328 1671 1666 1718 commercium
1689 1689 1780 1718 res-

360 1861 524 1896 relatives
543 1863 559 1892 a
580 1858 855 1893 l'enterrement
876 1856 920 1891 de
938 1855 1090 1891 Ilarold.
1113 1856 1284 1890 L⁷auteur
1303 1855 1348 1890 de
1367 1855 1400 1890 la
1420 1855 1574 1903 legende
1593 1855 1776 1891 intitulee:

363 1921 451 1954 Vita
470 1917 644 1959 Haroldi‚
676 1915 831 1964 pretend
850 1915 939 1962 qu'il
959 1915 1015 1949 sut
1034 1913 1196 1948 recueilli
1224 1913 1341 1960 parmi
1365 1913 1415 1947 les
1434 1920 1567 1957 moi-ts,
1594 1921 1631 1948 et
1655 1915 1781 1961 soigne

359 1979 524 2027 pendant
539 1979 635 2013 deux
654 1989 717 2011 ans
733 1989 798 2023 par
819 1988 892 2010 une
916 1975 1049 2010 femme
1065 1973 1250 2009 Sarrasine
1273 1975 1293 2008 ἐι
1311 1974 1570 2017 VVinchester3
1593 1974 1638 2009 de
1654 1974 1687 2008 la
1706 1974 1732 2009 il
1748 1974 1782 2010 16

357 2041 423 2074 fait
448 2039 537 2073 aller
557 2050 604 2072 en
627 2036 836 2084 pelerinage
862 2047 931 2069 aux
950 2034 1061 2068 saints
1083 2033 1196 2077 lieux,
1220 2039 1258 2067 et
1274 2032 1307 2067 le
1325 2034 1472 2067 ramene
1497 2045 1542 2068 en
1560 2032 1780 2080 Angleterre

361 2111 454 2146 pour
471 2110 597 2132 menei·
613 2109 685 2130 une
700 2095 834 2141 longue
849 2094 904 2128 vie
922 2093 1010 2127 dans
1030 2093 1060 2126 la
1080 2091 1236 2126 solitude
1250 2098 1285 2125 et
1300 2091 1332 2125 la
1346 2092 1539 2138 penitence
1551 2090 1586 2125 la
1601 2091 1682 2138 plus
1696 2103 1780 2125 aus-

357 2160 454 2200 tf=r03
474 2163 568 2190 cette
586 2153 887 2189 transsorniation
903 2151 947 2186 de
962 2151 1102 2186 Harold
1118 2164 1163 2185 en
1183 2151 1277 2185 saint
1296 2151 1462 2197 pourrait
1480 2161 1606 2184 causer
1622 2149 1781 2197 quelque

358 2217 540 2264 surprise,
563 2215 591 2249 si
615 2214 688 2248 l⁷on
712 2226 757 2247 ne
780 2213 891 2247 savait
908 2224 980 2259 que
1005 2211 1055 2246 les
1074 2212 1187 2258 partis
1205 2216 1395 2256 acceptent
1417 2209 1468 2243 les
1491 2215 1616 2244 contes
1633 2209 1684 2244 les
1700 2210 1781 2256 plus

357 2275 531 2311 absurdes
554 2272 674 2321 plutot
692 2285 764 2319 que
787 2272 838 2305 les
861 2272 944 2306 faits
963 2271 1165 2305 contraires
1189 2272 1208 2303 ἐι
1226 2269 1324 2304 leurs
1349 2268 1546 2302 affectious.

404 2336 455 2381 (ι)
480 2336 631 2381 Sweyn,
653 2332 796 2375 Tosne,
818 2330 956 2365 Harold
970 2358 978 2373 ‚
998 2329 1144 2373 Gurth‚
1166 2328 1352 2372 Leofwin‚
1373 2327 1500 2375 Alsgar
1517 2334 1554 2363 et
1568 2327 1778 2362 VVulsnotlx.

357 2396 408 2430 Ce
433 2392 581 2428 dernier
605 2397 660 2425 est
686 2389 812 2437 appele
833 2388 963 2423 Alnod
989 2388 1059 2421 Cilc
1083 2387 1221 2433 (Clito)
1249 2386 1338 2421 dans
1362 2386 1394 2421 lc
1419 2386 1636 2433 Domesday
1661 2385 1776 2420 Book.

359 2457 405 2490 La
424 2460 600 2489 cointessc
620 2450 734 2486 Githa
747 2477 755 2492 ,
782 2449 862 2483 leur
886 2450 1005 2490 mere,
1027 2448 1115 2481 etait
1134 2460 1231 2481 soeur
1249 2447 1294 2481 de
1318 2447 1447 2493 Sweyn
1467 2458 1514 2480 ou
1534 2446 1700 2487 Suenon,
1723 2446 1776 2479 roi

357 2514 402 2549 de
421 2510 661 2548 Dauemarck.

404 2574 454 2618 (2)
480 2572 596 2607 Notm
615 2576 746 2604 auteur
768 2567 890 2602 oublie
917 2566 961 2601 de
990 2566 1070 2601 dire
1097 2578 1168 2613 que
1193 2566 1224 2600 la
1249 2566 1304 2600 vie
1331 2565 1376 2600 de
1395 2563 1593 2598 XVulsnoth
1626 2562 1777 2596 s'ecoula

357 2640 439 2668 tout
464 2633 604 2667 eutii-re
625 2643 670 2665 en
691 2630 815 2677 prison
830 2657 838 2672 ‚
859 2628 988 2675 depuis
1005 2626 1038 2662 le
1058 2633 1223 2661 moment
1247 2627 1295 2660 οὺ
1318 2625 1343 2660 il
1362 2625 1419 2660 sut
1442 2624 1578 2670 envoye
1602 2634 1646 2656 en
1671 2628 1777 2667 otage

356 2693 488 2737 aupres
507 2690 551 2724 de
570 2689 783 2725 Guillaume
802 2700 867 2735 par
881 2685 1337 2721 Edouard-le-Confesseur
1352 2696 1397 2718 en
1418 2682 1521 2723 1052,
1540 2680 1622 2715 sauf
1635 2680 1668 2714 le
1683 2682 1775 2726 petit

359 2750 509 2784 nombre
524 2749 568 2783 (16
584 2749 688 2793 jours
707 2749 770 2795 qui
787 2746 1025 2781 s’ecoulerent
1040 2752 1143 2779 entre
1158 2757 1193 2779 sa
1213 2744 1417 2778 delivrance
1437 2754 1501 2788 par
1520 2740 1553 2776 le
1573 2752 1774 2787 monarque

354 2807 540 2842 Normand
558 2809 639 2852 pri-s
656 2807 847 2851 ‹l'expirer‚
864 2812 896 2839 et
918 2817 953 2839 sa
969 2803 1133 2838 nouvelle
1151 2802 1323 2848 captivite
1335 2829 1343 2842 ,
1362 2800 1425 2846 qui
1444 2799 1500 2833 sut
1518 2798 1592 2833 l'un
1609 2799 1670 2834 des
1688 2811 1772 2845 pre-

357 2868 464 2900 inivrs
484 2872 578 2898 acle<
598 2864 640 2896 (1(
660 2862 1052 2896 Γ,ιιὶέἳηνιιη(-1(·>·1ἶ(·υκ
1076 2861 1231 2896 arritum
1252 2872 1294 2894 cn
1312 2858 1540 2903 Anglctcrre.
