1951 3194
413 276 491 313 312
782 275 1025 314 HISTORIA
1057 275 1461 315 ECCLESIASTICA.
1560 280 1831 330 [1077-1079]

415 364 470 399 ut
492 353 740 401 laudabilia
758 371 978 418 promam
994 363 1041 401 et
1066 353 1331 401 imitabilia.
1354 355 1692 422 Eleemosynas
1712 374 1834 421 pau-

413 431 609 495 peribus
643 430 851 478 libenter
888 431 1193 496 porrigebat,
1234 432 1448 497 largitate
1488 444 1536 480 et
1569 434 1835 498 dapsilitate

415 510 615 557 solerter
654 520 700 556 et
735 509 1001 557 honorifice
1034 509 1242 575 vigebat.
1282 512 1334 557 In
1366 510 1549 574 judicio
1587 513 1833 559 veritatem

414 587 658 634 subtiliter
683 588 995 653 investigabat
1010 625 1022 645 ,
1050 599 1097 636 et
1116 587 1452 636 rectitudinem
1471 590 1736 653 procaciter
1758 589 1817 636 de

414 664 607 711 fendere
633 664 741 710 satis
765 664 1003 720 inhiabat,
1026 665 1356 730 justitiamque
1382 666 1567 711 cunctis
1591 666 1834 730 postulan-

415 740 542 787 tibus
573 742 717 806 gratis
748 741 1019 789 exhibebat.
1047 744 1320 790 Peccatores
1356 753 1512 790 reatus
1545 761 1652 791 suos
1677 743 1838 791 humi—

414 818 525 865 liter
544 818 829 867 confitentes
847 819 1051 866 dulciter
1071 819 1354 884 suscipiebat
1369 856 1380 875 ‚
1405 830 1451 867 et
1468 837 1576 867 vere
1599 821 1837 884 poeniten-

415 895 542 942 tibus
568 906 753 943 rectum
773 907 819 945 et
843 896 1028 944 salubre
1048 898 1300 944 consilium
1319 898 1517 962 provide
1536 896 1832 963 suggerebat.

414 974 580 1020 Sacros
606 973 796 1020 ordines
822 984 868 1020 et
891 974 1209 1022 dedicationes
1240 985 1286 1022 et
1317 976 1404 1021 alia
1437 974 1708 1039 hujusmodi
1745 975 1838 1020 mi·-

415 1051 609 1097 nisteria
644 1051 862 1114 religiose
898 1062 944 1097 et
981 1051 1182 1098 sollicite
1219 1051 1498 1116 peragebat3
1540 1052 1617 1099 sed
1650 1052 1707 1098 ad
1739 1051 1841 1098 haec

415 1127 590 1191 agenda
619 1128 774 1174 lentus
801 1139 900 1174 erat
925 1139 971 1175 et
994 1129 1072 1174 vix
1099 1128 1393 1191 assurgebat,
1422 1146 1534 1184 nec,
1562 1129 1652 1175 nisi
1680 1128 1842 1174 multis

416 1205 684 1251 multorum
700 1206 922 1269 precibus
943 1207 1166 1251 incitatus
1185 1217 1453 1270 cogeretur,
1474 1205 1698 1253 inchoare
1715 1206 1841 1252 vole-

418 1281 514 1328 bat.
556 1285 609 1328 ΙΙ]
647 1284 837 1330 ecclesia
875 1284 1158 1330 Luxoviensi
1196 1301 1251 1330 eo
1284 1296 1500 1347 tempore
1538 1283 1842 1331 honorabiles

418 1371 555 1406 erant
573 1378 789 1423 personae
810 1371 857 1406 et
875 1360 1079 1407 illustres
1098 1360 1418 1408 archidiaconi
1433 1372 1574 1426 atque
1592 1361 1807 1408 canonici
1828 1381 1837 1406 :

419 1436 703 1484 Guillelmus
744 1438 800 1484 de
844 1436 1128 1484 Glandivilla
1169 1440 1241 1502 (1)
1287 1440 1488 1485 decanus
1523 1449 1569 1486 et
1608 1438 1844 1485 archidia—

422 1532 595 1571 conus,
642 1516 871 1562 Ricardus
909 1516 964 1563 de
1005 1517 1334 1581 Ansgeriivilla
1369 1518 1443 1580 (2)
1484 1528 1531 1563 et
1563 1517 1844 1564 Guillelmus

422 1592 693 1638 Pictavinus
735 1594 808 1657 (ὅ)
852 1593 1196 1650 archidiaconi,
1248 1593 1525 1642 Goisfredus
1565 1595 1622 1642 de
1663 1597 1846 1660 Trega-

422 1670 531 1715 villa
571 1671 642 1733 (4)
685 1670 1024 1726 thesaurarius,
1067 1673 1294 1735 Turgisus
1336 1683 1504 1720 cantor
1534 1683 1581 1720 et
1617 1672 1845 1719 Radulfus

425 1747 550 1793 filius
571 1750 667 1812 ejus
683 1784 697 1806 ,
724 1748 896 1812 aliique
923 1749 1080 1812 plures
1105 1766 1225 1813 quos
1250 1750 1388 1814 Hugo
1412 1750 1714 1805 educaverat,
1743 1750 1846 1797 offi—

428 1825 605 1889 ciisque
628 1826 746 1871 datis
775 1826 1096 1873 ecclesiasticis
1121 1826 1455 1874 honoraverat.
1496 1829 1593 1874 Hos
1616 1828 1848 1874 nimirum

428 1902 654 1965 praefatus
681 1920 921 1950 successor
946 1906 1042 1967 ejus
1067 1903 1153 1949 sibi
1189 1904 1452 1968 copulavit,
1490 1903 1734 1969 fertilique
1759 1904 1850 1952 do-

430 1990 655 2026 cumento
696 1981 1008 2027 arithmeticae
1049 1992 1096 2028 et
1140 1983 1446 2029 astronomiae
1494 1993 1540 2029 et
1572 1981 1849 2046 multiplicis

429 2056 662 2122 physicae,
700 2058 995 2123 aliarumque
1031 2059 1380 2122 profundarum
1411 2077 1572 2105 rerum
1610 2059 1846 2119 erudivit,

432 2145 478 2181 et
512 2133 767 2182 familiares
799 2136 999 2199 collegas
1040 2138 1371 2183 conviviorum
1411 2148 1458 2183 et
1495 2137 1849 2202 colloquiorum

433 2211 519 2257 sibi
549 2211 820 2276 benigniter
843 2214 1112 2277 applicavit.

501 2289 580 2335 lv.
611 2290 753 2337 Anno
785 2289 842 2336 ab
874 2292 1200 2339 incarnatione
1234 2292 1425 2339 Domini
1461 2302 1514 2337 ΜΟ
1536 2298 1650 2337 Lxx⁰
1672 2299 1743 2337 1x⁰
1765 2292 1852 2339 Jo-

481 2490 531 2533 (1)
556 2487 737 2521 Glanville
750 2515 759 2530 ,
782 2488 863 2533 pres
879 2480 1176 2534 Pont-Plljvceque.

483 2550 534 2591 (2)
560 2548 971 2593 Angerville-en-Auge.

484 2605 532 2651 (3)
558 2606 770 2640 Guillaume
791 2606 835 2640 dc
855 2607 1031 2649 poitiers,
1052 2606 1276 2649 l'historien⁷
1297 2607 1360 2653 qui
1382 2607 1517 2652 portait
1535 2619 1575 2641 ee
1590 2618 1738 2641 surnom
1759 2618 1852 2653 pour

440 2665 536 2698 avoir
565 2665 689 2699 erudic-
713 2668 732 2699 ἐι
760 2666 933 2708 l’oitiers,
967 2666 1055 2699 mais
1077 2666 1141 2712 qui
1171 2665 1259 2699 etait
1288 2664 1484 2712 originaire
1509 2664 1554 2700 de
1582 2666 1740 2708 Preaux,
1772 2666 1854 2712 pres

441 2722 746 2763 Ponit-Auileiner„
769 2736 910 2759 comme
929 2735 1020 2758 nous
1038 2723 1170 2758 l'avons
1189 2723 1268 2768 ‹ld-ja
1291 2736 1347 2756 vu.

490 2784 538 2820 ''i''
567 2783 805 2827 'l'riquvxill‹·.
832 2786 910 2830 pres
932 2785 1244 2819 l‘ont-Audenwr.
