1951 3194
453 313 529 350 236
817 307 1058 346 HISTORIA
1089 306 1490 346 ECCLESIASTICA.
1725 310 1862 358 [1071]

452 388 795 436 Normanniam
817 404 839 432 a
865 387 957 432 suis
981 385 1190 433 delatum
1217 396 1311 442 est,
1342 396 1388 433 et
1418 387 1466 432 in
1492 386 1718 435 coenobio
1746 387 1866 433 Cor-

453 465 664 513 meliensi
687 481 794 509 cum
820 480 992 528 magno
1013 479 1209 509 suorum
1231 463 1366 509 luctu
1390 463 1625 527 sepultum
1649 473 1737 511 est.
1759 465 1865 511 Duo

453 543 628 607 qnippe
653 539 875 587 coenobia
899 539 1244 588 monachorum
1266 541 1314 586 in
1340 557 1424 587 suo
1445 541 1734 604 patrimonio
1754 558 1866 588 con-

453 629 689 666 struxerat
733 619 780 665 in
823 618 1005 665 honore
1055 628 1228 664 sanctae
1277 618 1359 665 Dei
1400 619 1642 683 genitricis
1684 619 1864 666 Mariae.

455 698 619 744 Unum
642 697 835 762 quidem
868 707 967 743 erat
997 697 1118 742 Lirae
1148 713 1276 743 secus
1307 696 1510 743 Riselam
1533 695 1757 754 fluvium,
1784 697 1867 742 ubi

453 775 639 822 Adeliza
665 791 789 822 uxor
812 776 907 838 ejus
932 773 1160 820 tumulata
1187 784 1281 830 est3
1310 773 1437 820 aliud
1457 791 1570 821 vero
1595 774 1865 830 cormeliis,

455 853 535 900 ubi
565 854 660 918 ipse
685 854 759 917 (ut
785 853 1009 914 diximus)
1033 851 1252 898 conditus
1274 863 1342 898 est
1362 853 1446 913 (ι).
1475 852 1868 899 Normannorum

454 932 715 978 maximum
746 931 1023 977 strenuitate
1057 928 1285 976 baronem
1317 929 1448 977 valde
1480 948 1645 977 omnes
1673 930 1867 994 planxe-

454 1020 597 1066 runt,
633 1010 715 1073 qui
749 1009 986 1073 largitates
1023 1010 1120 1071 ejus
1153 1018 1200 1054 et
1235 1007 1423 1054 facetias
1458 1020 1599 1073 atque
1631 1007 1867 1054 mirandas

455 1084 715 1149 probitates
744 1095 999 1131 noverunt.
1027 1083 1285 1130 Haereditas
1313 1086 1409 1148 ejus
1432 1102 1455 1129 a
1480 1102 1588 1149 rege
1611 1084 1867 1131 Guillelmo

453 1164 561 1211 filiis
588 1166 684 1227 ejus
709 1162 961 1209 distributa
986 1172 1070 1208 est.
1098 1161 1376 1208 Willelmus
1400 1165 1548 1226 major
1569 1174 1684 1208 natu
1707 1162 1868 1208 Brito-

452 1241 571 1286 lium
614 1251 660 1287 et
696 1240 916 1286 Paceium
954 1241 1056 1301 (2),
1105 1249 1150 1285 et
1190 1239 1421 1303 reliquam
1462 1248 1646 1302 partem
1681 1239 1866 1301 paterni

446 1319 567 1383 juris
603 1319 652 1364 in
686 1318 978 1364 Normannia
1012 1316 1253 1376 obtinuit,
1289 1327 1335 1363 et
1364 1317 1495 1364 omni
1528 1317 1621 1362 vita
1655 1333 1736 1361 sua
1769 1315 1867 1362 fere

456 1414 556 1443 xxx
579 1397 714 1443 annis
737 1396 910 1442 tenuit.
936 1395 1165 1461 Rogerius
1188 1406 1344 1442 autem
1358 1396 1523 1459 junior
1546 1395 1694 1442 frater
1718 1394 1868 1441 comi-

456 1484 609 1519 tatum
627 1473 996 1520 Herfordensem
1010 1508 1023 1529 ‚
1046 1483 1297 1536 totumque
1314 1471 1519 1517 fundum
1534 1471 1681 1535 patris
1706 1471 1754 1516 in
1771 1469 1869 1516 An-

454 1551 545 1614 glia
564 1550 800 1606 obtinuit3
830 1549 907 1596 sed
927 1549 1067 1613 paulo
1087 1559 1193 1613 post
1211 1560 1408 1612 propter
1426 1547 1671 1612 perfidiam
1695 1559 1742 1594 et
1759 1565 1869 1611 pro-

456 1629 652 1675 terviam
674 1646 805 1674 suam
826 1628 901 1689 (ut
920 1628 968 1673 in
988 1626 1295 1691 sequentibus
1314 1625 1619 1688 enodabitur)
1641 1624 1863 1689 perdidit.

521 1706 712 1770 Reginae
745 1703 962 1750 Mathildi
997 1704 1133 1766 (licet
1157 1714 1379 1767 potenter
1412 1713 1631 1767 regnaret
1658 1712 1705 1749 et
1730 1702 1867 1748 innu-

455 1783 594 1829 meris
625 1782 794 1846 opibus
825 1780 1112 1843 abundaret)
1158 1781 1308 1827 luctus
1346 1782 1508 1845 ingens
1541 1791 1674 1827 ortus
1710 1790 1778 1826 est
1810 1777 1867 1825 de

454 1872 610 1906 morte
646 1861 817 1923 patris,
857 1858 913 1905 de
950 1858 1239 1905 desolatione
1274 1859 1464 1914 matris,
1499 1857 1555 1903 de
1592 1855 1866 1903 erudelitate

455 1938 595 1983 unius
619 1937 804 1994 fratris,
825 1954 914 1999 qua
934 1936 1072 1981 ruina
1091 1934 1250 1981 subito
1272 1934 1391 1981 facta
1412 1945 1479 1981 est
1498 1934 1689 1980 alterius
1708 1932 1867 1979 fratris

455 2024 502 2061 et
542 2014 635 2059 cari
674 2012 859 2076 nepotis
896 2030 1002 2058 eum
1039 2012 1201 2057 multis
1233 2012 1409 2057 amieis.
1450 2011 1526 2057 Sic
1563 2010 1867 2073 omnipotens

456 2094 579 2139 Deus
619 2093 918 2138 immemores
957 2090 1026 2136 sui
1068 2091 1321 2154 terrigenas
1359 2089 1563 2153 pereutit
1584 2124 1596 2144 ‚
1640 2085 1867 2151 superbos

455 2171 639 2234 dejicit,
662 2180 708 2216 et
726 2169 855 2233 quod
878 2169 1151 2215 dominetur
1171 2168 1375 2214 excelsus
1401 2185 1539 2231 super
1564 2183 1755 2212 omnem
1778 2175 1866 2210 ter-

454 2267 554 2294 ram
592 2247 744 2294 lucide
773 2247 996 2293 ostendit.
1033 2245 1302 2293 Rodbertus
1338 2247 1493 2309 itaque
1527 2245 1685 2290 Fresio
1718 2253 1865 2290 totam

455 2453 692 2488 cessivement
714 2452 817 2497 apres
835 2462 872 2484 sa
891 2458 1006 2493 niort,
1028 2450 1148 2484 tundis
1166 2462 1236 2497 que
1257 2449 1289 2483 la
1308 2456 1387 2495 part
1407 2448 1451 2483 de
1469 2447 1638 2494 philippe
1656 2459 1692 2481 se
1711 2446 1865 2481 reduisit

455 2526 501 2548 au
517 2511 727 2559 burgraviat
746 2511 909 2557 d'Ypres.

501 2573 556 2617 (1)
579 2572 649 2606 Sur
667 2582 724 2605 ces
744 2570 838 2604 deux
857 2571 1090 2612 iiioiiastems,
1107 2581 1214 2616 voyez
1233 2568 1410 2602 ci-dessus
1430 2580 1466 2613 p.
1490 2569 1542 2608 14.
1558 2565 1714 2607 Adelise,
1731 2565 1864 2599 femme

454 2632 499 2666 dc
517 2631 729 2667 Guillaume
749 2630 1035 2673 Fitz-Osberne,
1053 2630 1141 2664 etait
1156 2628 1226 2663 fille
1243 2628 1288 2662 de
1304 2627 1428 2673 Roger
1444 2627 1485 2660 1²¹
1504 2624 1549 2659 de
1568 2623 1696 2658 Toeni.

500 2690 548 2733 (η)
575 2689 874 2723 Paci-sur-Enre.
896 2689 961 2722 Les
980 2695 1102 2723 autres
1123 2686 1340 2734 principales
1361 2685 1563 2732 proprie-tes
1587 2682 1631 2716 de
1653 2680 1864 2716 Guillaunw

459 2748 718 2782 Fitersberne
735 2761 779 2782 en
801 2748 1022 2783 non-mandit·
1045 2748 1178 2782 etaient
1199 2741 1555 2788 (ilos-sons-Laigle,
1578 2740 1609 2775 lc
1632 2740 1863 2775 Pom-Saint-

456 2807 596 2840 Pii-rw.
623 2808 788 2848 itonam,
815 2809 940 2842 Purus.
