1951 3194
406 292 483 328 218
775 293 1020 331 HISTORIA
1052 294 1454 334 ECCLESlASTICA.
1682 299 1824 347 [1071]

405 368 588 424 extitit,
628 379 675 415 et
703 370 990 418 militaribus
1016 372 1157 418 armis
1187 384 1430 436 protectus
1463 385 1654 422 terreno
1685 377 1825 439 prin-

405 446 497 508 cipi
524 446 773 504 militm-it,
801 458 848 495 et
874 459 1006 496 tanto
1028 450 1202 496 certius
1230 450 1407 498 referre
1436 453 1528 498 visa
1552 452 1824 499 discrimina

404 524 591 586 potuit,
623 536 804 588 quanto
833 527 1143 589 periculosius
1174 528 1299 574 inter
1327 546 1454 574 arma
1478 529 1593 576 diris
1623 530 1826 578 conssic-

406 599 531 645 tibus
565 601 801 648 interfuit.
837 606 889 650 ln
926 616 1166 651 senectute
1193 624 1272 651 sna
1304 607 1614 653 taciturnitati
1644 619 1690 655 et
1720 626 1825 655 ora·

405 677 526 723 tioni
568 679 777 738 studuit,
820 693 867 728 et
905 683 1010 746 plus
1052 684 1100 729 in
1137 683 1363 730 dictando
1395 701 1474 731 seu
1516 685 1826 732 versificando

404 772 547 819 quam
568 761 933 808 sermocinando
953 762 1111 807 valuit.
1133 761 1339 808 subtiles
1365 772 1411 809 et
1435 763 1697 810 concinnos
1719 781 1828 810 ver-

405 851 482 879 sus
519 845 660 900 atque
696 837 753 883 ad
788 839 1085 885 recitandum
1124 839 1300 887 habiles
1334 840 1613 905 frequenter
1651 840 1824 898 edidit,

404 912 659 979 studioque
679 917 954 979 Juniorum,
990 917 1163 982 quibus
1196 919 1281 982 ipsi
1314 919 1700 977 emendarentur,
1728 920 1828 967 sine

405 989 579 1036 invidia
612 995 840 1057 erogavit.
874 996 1245 1042 Contextionem
1278 998 1374 1059 ejus
1406 996 1462 1042 de
1490 997 1750 1043 Guillelmo
1782 1008 1830 1043 et

403 1069 500 1131 ejus
535 1069 797 1135 pedisequis
827 1071 1038 1118 breviter
1069 1073 1117 1118 in
1150 1073 1433 1137 quibusdam
1471 1086 1657 1120 secutus
1695 1093 1824 1131 sum,

404 1163 503 1192 non
527 1158 682 1194 tamen
708 1151 867 1195 onmia
886 1168 994 1214 quae
1013 1150 1161 1205 dixit,
1191 1168 1276 1197 nec
1301 1161 1394 1196 tam
1415 1163 1578 1215 argute
1602 1153 1826 1216 prosequi

404 1236 602 1270 conatus
626 1243 748 1272 sum.
782 1227 970 1274 Amodo
999 1230 1196 1291 juvante
1221 1229 1323 1274 Deo
1350 1247 1399 1275 ea
1424 1247 1531 1293 quae
1559 1231 1826 1276 succedenti

404 1311 619 1366 tempore
641 1305 816 1350 nostris
839 1306 884 1350 in
907 1306 1092 1351 viciniis
1114 1317 1378 1352 evenerunt
1399 1306 1580 1353 notabo
1599 1326 1610 1362 3
1640 1306 1830 1353 indubi-

404 1387 560 1426 tanter
586 1390 716 1426 ratus
738 1382 897 1447 quod,
925 1383 1046 1429 sicut
1072 1400 1159 1447 ego
1184 1401 1232 1430 ea
1260 1401 1367 1448 quae
1388 1402 1411 1429 a
1438 1383 1682 1448 prioribus
1707 1383 1828 1430 edita

401 1468 513 1504 sunt
540 1458 745 1506 libenter
776 1461 994 1518 revolvo,
1028 1463 1093 1508 sic
1117 1463 1360 1525 junioreS,
1393 1479 1566 1527 eosque
1593 1463 1674 1527 qui
1703 1479 1830 1509 non-

401 1534 517 1580 dum
550 1538 649 1582 nati
682 1549 820 1594 sunt,
856 1540 1104 1602 praesentis
1142 1540 1369 1602 temporis
1405 1550 1599 1585 eventus
1630 1539 1829 1586 solerter

403 1613 717 1678 inquisituros
745 1617 949 1663 aestimo.

469 1692 570 1737 Rex
603 1693 888 1740 Guillelmus
918 1693 1135 1757 dejectiS‚
1173 1704 1226 1738 ut
1263 1694 1495 1752 diximus,
1538 1695 1828 1741 Merciorum

403 1769 620 1815 maximis
659 1771 932 1818 consulibus
968 1792 977 1816 ;
1019 1771 1210 1816 Eduino
1245 1771 1424 1818 scilicet
1465 1771 1744 1828 interfecto,
1782 1783 1830 1818 et

402 1847 624 1896 Morcaro
651 1850 697 1895 in
720 1850 920 1896 vinculis
941 1850 1223 1906 constricto,
1244 1849 1541 1914 adjutoribus
1565 1851 1659 1896 suis
1681 1851 1829 1916 incly—

404 1935 472 1971 tas
493 1925 679 1990 Angliee
706 1929 921 1992 regiones
941 1927 1187 1974 distribuit
1205 1964 1217 1984 ,
1245 1939 1290 1975 et
1314 1947 1367 1975 ex
1396 1929 1571 1975 infimis
1597 1929 1830 1976 Norman-

404 2021 581 2051 norum
615 2005 870 2053 clientibus
906 2007 1126 2054 tribunos
1158 2018 1205 2053 et
1237 2009 1544 2054 centuriones
1575 2007 1829 2055 ditissimos

405 2084 573 2129 erexit.
611 2084 862 2131 Willelmo
891 2085 1117 2148 Dapifero
1148 2085 1460 2131 Normanniae
1494 2084 1695 2132 Osberni
1729 2085 1829 2132 filio

406 2159 605 2206 insulam
624 2161 820 2208 vectam
839 2174 885 2209 et
905 2163 1185 2209 comitatum
1204 2162 1574 2209 Herfordensem
1589 2162 1718 2209 dedit
1734 2164 1750 2226 (
1765 2182 1771 2207 ι
1786 2165 1826 2225 ),

406 2255 608 2302 eumque
633 2257 741 2284 cum
766 2238 1014 2286 Gualterio
1040 2240 1097 2287 de
1122 2241 1289 2287 Laceio
1309 2241 1407 2303 (2),
1434 2240 1630 2304 aliisque
1655 2239 1831 2304 proba—

406 2314 463 2360 tis
488 2314 727 2380 pugilibus
746 2328 912 2362 contra
934 2317 1152 2364 Britones
1172 2316 1307 2363 bellis
1329 2315 1563 2362 inhiantes
1582 2317 1824 2381 opposuit.

406 2392 591 2439 Horum
627 2393 814 2440 audacia
853 2394 1237 2441 Brachaniaunos
1263 2395 1337 2457 (ὅ)
1372 2394 1594 2458 primitus
1630 2394 1824 2448 invasit,

455 2618 505 2662 (1)
533 2618 619 2653 L’ile
638 2618 683 2652 de
702 2619 839 2665 Wight
859 2626 895 2654 et
910 2618 942 2654 le
961 2621 1082 2654 comte
1102 2618 1147 2653 de
1165 2618 1362 2654 Heresord.

456 2676 506 2720 (2)
531 2676 688 2711 Gautier
704 2677 749 2712 de
772 2678 852 2712 Laci
866 2707 874 2721 ‚
896 2680 978 2725 pres
996 2677 1394 2714 Condc-sur-Noireau
1413 2675 1627 2721 (Calvados).

458 2733 507 2778 (5)
533 2735 817 2772 Probablement
846 2738 895 2772 les
920 2738 1106 2773 habitauts
1125 2738 1173 2772 du
1204 2737 1493 2778 Breknokshire‚
1515 2735 1604 2769 dans
1624 2733 1656 2768 lc
1682 2745 1768 2779 pays
1787 2733 1832 2767 dc

413 2792 548 2827 Gallos
