1951 3194
108 257 251 306 [1067]
579 250 734 290 LIBER
763 250 1017 299 QUARTUS.
1441 254 1515 289 177

107 333 280 399 inquit,
308 332 482 388 Deum,
500 331 591 392 fili
614 334 697 389 mi,
726 343 769 378 et
792 332 972 396 Regem
990 331 1082 394 (1).
1109 331 1246 376 Tunc
1274 330 1413 376 etiam
1440 331 1519 376 ali-

104 420 223 475 quot
245 408 573 472 sapientissimi
599 408 776 466 civium
795 406 1115 463 urbanorum,
1146 416 1192 453 et
1215 406 1437 454 nonnulli
1463 424 1520 453 ex

104 485 337 532 militibus
361 485 577 549 ingenuis
592 520 605 541 ,
627 502 835 549 quorum
860 501 1034 531 nomen
1062 495 1108 531 et
1131 501 1243 548 opes
1266 482 1485 531 valebant
1505 521 1517 540 ‚

105 574 152 610 et
164 563 303 610 multi
323 580 379 609 ex
397 562 593 626 plebeiis
610 572 773 609 contra
792 579 900 608 suos
919 579 1007 625 pro
1025 562 1315 609 Normannis
1332 580 1525 627 magno-

106 659 216 706 pere
240 640 562 705 insurgebant.

170 720 351 765 Interea
371 717 647 764 Willelmus
663 734 763 773 rex,
790 716 904 762 dum
924 728 1194 764 moraretur
1218 719 1266 764 in
1285 718 1522 766 Norman·

107 795 209 852 nia,
234 793 567 859 tranquillitati
591 794 688 856 ejus
710 794 757 839 in
783 793 982 857 longum
1006 793 1325 858 prospiciebat
1346 795 1523 842 sollici-

108 870 271 918 tudine
283 871 504 917 maxima.
522 871 675 916 Justas
695 870 817 934 leges
835 880 882 917 et
900 881 1024 917 recta
1036 870 1212 934 judicia
1230 888 1287 917 ex
1301 871 1525 919 consultu

107 949 369 1013 sapientum
393 946 619 994 divitibus
635 957 681 994 et
704 946 991 1012 pauperibus
1015 965 1150 1013 aeque
1174 948 1359 1005 sanxit,
1392 949 1525 1012 opti-

106 1044 305 1091 mosque
327 1025 507 1090 judices
541 1037 588 1072 et
623 1035 831 1073 rectores
868 1043 953 1089 per
983 1026 1251 1090 provincias
1291 1025 1525 1073 Neustriae

107 1105 369 1152 constituit.
402 1103 539 1150 Sacra
577 1102 799 1151 coenobia
816 1139 828 1160 ‚
858 1113 905 1150 et
929 1102 1104 1150 fundos
1125 1103 1216 1150 illis
1237 1103 1370 1151 datos
1389 1120 1529 1168 rega-

108 1180 233 1228 libus
252 1180 509 1245 privilegiis
534 1190 578 1227 et
606 1179 892 1229 tuitionibus
913 1179 973 1227 ab
998 1181 1182 1244 injustis
1202 1178 1529 1228 exactionibus

109 1259 346 1306 liberavit.
367 1257 602 1306 Omnibus
623 1269 716 1304 tam
735 1258 924 1305 advenis
944 1276 1088 1322 quam
1113 1258 1345 1322 indigenis
1362 1275 1529 1322 pacem

111 1338 159 1383 in
187 1347 286 1384 tota
316 1347 439 1384 terra
475 1354 555 1382 sua
581 1336 818 1399 praeconis
854 1353 968 1382 voce
995 1335 1285 1399 propalavit,
1317 1344 1366 1381 et
1388 1351 1530 1399 super

110 1415 238 1462 fures
270 1433 322 1462 ac
359 1414 603 1462 seditiosos
622 1451 634 1471 ,
664 1415 926 1479 patriaeque
949 1414 1121 1478 quietis
1147 1422 1527 1476 contemptores,

109 1510 270 1557 graves
288 1494 529 1557 justasque
555 1491 759 1538 ultiones
780 1489 928 1555 rigide
952 1490 1266 1555 pervulgavit.

175 1568 257 1617 lV.
271 1570 505 1616 Rumores
517 1567 710 1615 interim
721 1567 778 1614 dc
790 1567 1119 1613 transmarinis
1130 1566 1344 1630 partibus
1357 1566 1530 1612 diversi

111 1644 463 1702 advolitabant,
492 1655 538 1692 et
572 1644 745 1708 optatis
775 1644 974 1691 molesta
1004 1643 1340 1707 permiscentes
1371 1659 1533 1707 regem

113 1721 468 1788 inquietabant,
498 1732 545 1769 et
569 1740 623 1769 ex
654 1721 973 1770 malivolentia
998 1721 1267 1786 Anglorum
1297 1737 1406 1766 cum
1425 1721 1533 1767 nisu

114 1800 384 1857 Danorum,
417 1801 710 1865 aliarumque
734 1800 1044 1846 barbararum
1070 1799 1286 1864 gentium
1313 1815 1533 1863 magnam

117 1876 294 1924 cladem
322 1878 612 1924 Normannis
644 1879 880 1925 orituram
911 1877 1215 1923 intimabant.
1253 1878 1353 1923 Rex
1387 1877 1533 1941 igitur

117 1953 336 1999 Mathildi
364 1955 552 2018 conjugi
579 1972 674 2001 suae
692 1990 706 2011 ,
740 1954 935 2018 filioque
961 1970 1047 2000 suo
1078 1952 1325 2000 Rodberto
1349 1951 1534 2000 adoles-

118 2031 244 2075 centi
268 2030 338 2092 (2)
363 2030 684 2094 principatum
709 2031 942 2078 Neustriae
967 2030 1228 2087 commisit,
1262 2040 1308 2077 et
1332 2047 1443 2076 cum
1466 2031 1532 2077 eis

119 2107 359 2171 religiosos
385 2108 606 2171 praesules
640 2119 685 2154 et
710 2119 926 2156 strenuos
950 2127 1170 2173 proceres
1194 2109 1250 2155 ad
1287 2109 1532 2155 tutandam

166 2330 216 2374 (1)
244 2329 351 2364 Prov.
373 2342 463 2373 xxw,
483 2343 536 2365 21.

168 2389 218 2433 (⁴2)
242 2388 293 2423 Ce
315 2390 440 2434 prince
457 2398 606 2425 mourut
625 2404 670 2426 en
696 2405 706 2425 1
719 2391 781 2434 134
800 2405 845 2427 au
868 2394 1022 2428 chateau
1041 2394 1086 2429 de
1105 2393 1264 2437 Cardiff,
1285 2395 1332 2428 ou
1356 2404 1421 2427 son
1439 2393 1535 2427 frere

124 2448 156 2482 le
173 2448 286 2482 tenait
304 2448 509 2494 prisonnier
524 2450 653 2497 depuis
673 2451 704 2485 la
723 2452 868 2487 bataille
885 2453 930 2487 de
945 2453 1182 2488 Tinchebrai.
1203 2453 1259 2496 Si,
1278 2464 1420 2486 comme
1436 2464 1483 2486 on
1502 2452 1535 2486 le

124 2517 295 2553 suppose,
319 2505 343 2539 il
362 2506 449 2540 etait
474 2506 567 2541 alors
586 2509 652 2555 age
671 2509 716 2543 de
734 2511 1007 2557 quatre-vingts
1031 2523 1110 2553 ans,
1142 2510 1164 2544 il
1192 2510 1310 2546 devait
1329 2510 1407 2544 &tre
1426 2511 1472 2543 ne
1490 2522 1537 2544 en

130 2564 233 2607 1054,
254 2571 290 2599 et
310 2564 399 2599 dans
415 2576 455 2598 ce
473 2576 530 2599 cas
549 2566 573 2599 il
592 2567 744 2601 n’aurait
761 2580 823 2614 pas
842 2580 887 2602 eu
911 2569 991 2615 plus
1010 2569 1054 2603 de
1080 2570 1190 2604 treize
1210 2581 1273 2603 ans
1291 2580 1337 2602 en
1364 2567 1463 2617 1067.
1484 2569 1536 2604 Ce

125 2624 212 2671 qu'il
234 2637 255 2669 y
274 2636 292 2656 a
316 2623 361 2657 dc
385 2624 521 2658 certain
545 2637 608 2670 par
632 2625 664 2659 la
691 2627 816 2660 charte
834 2626 879 2661 dc
898 2628 1052 2673 Stigand
1075 2628 1120 2662 de
1148 2627 1314 2662 Mesidon
1334 2627 1426 2663 dont
1444 2640 1536 2663 nous

129 2693 234 2715 avons
260 2681 340 2727 deja
364 2681 463 2728 parlc
486 2682 686 2725 ci-dessus‚
716 2684 802 2719 c’est
818 2685 907 2731 qu’il
930 2686 1018 2719 etait
1042 2685 1073 2719 le
1092 2697 1299 2720 successeur
1321 2685 1472 2733 de'signe
1490 2686 1535 2720 dc

129 2742 338 2776 Guillaunw
366 2755 408 2776 au
434 2742 553 2777 duclic
582 2743 625 2777 dc
654 2744 877 2779 Normandic
904 2744 965 2778 (les
995 2743 1079 2779 1065
1107 2762 1110 2778 :
1145 2747 1197 2780 Et
1224 2746 1392 2780 Ratberti
1415 2759 1535 2780 eornm

226 2819 274 2848 ll.
1291 2825 1341 2851 12
