1951 3194
127 266 265 314 [1058]
619 261 770 300 LIBER
799 261 1032 300 TERTIUS.
1476 265 1526 302 155

126 357 320 404 peregre
355 338 655 403 proficiscens
695 338 804 384 illuc
849 338 1065 395 advenit,
1107 355 1248 402 quem
1288 338 1527 402 hospitalis·

126 417 363 483 Ansgotus
398 434 507 463 cum
543 416 766 465 omnibus
803 417 896 462 suis
933 415 1183 463 clientibus
1218 434 1352 464 more
1386 417 1529 464 solito

127 494 460 542 venerabiliter
488 494 669 558 aliquot
698 492 860 540 diebus
894 492 1069 540 ibidem
1098 493 1312 540 retinuit,
1349 494 1529 541 Deinde

129 570 446 619 venerabilem
470 569 780 618 Teodericum
815 587 923 615 cum
947 571 1038 616 suis
1070 570 1332 635 pedisequis
1356 571 1395 617 ei
1423 589 1529 635 sup-

128 648 316 712 pliciter
361 645 736 705 commendavit,
787 656 833 691 et
877 656 1063 710 quantae
1106 647 1365 693 sanctitatis
1407 648 1531 711 apud

129 726 279 771 Deum
325 734 372 771 et
417 722 719 768 sublimitatis
765 738 870 786 erga
912 720 1127 769 homines
1170 723 1218 767 in
1264 741 1343 769 sua
1384 724 1530 787 patria

129 810 269 857 esset,
296 799 561 846 luculenter
588 798 840 844 enarravit.
868 797 1045 844 Praesul
1079 808 1236 844 autem
1265 799 1419 845 audita
1445 801 1533 846 viri

130 877 373 924 sanctitate
402 877 503 923 Deo
533 876 702 940 gratias
729 876 847 939 egit,
873 892 1100 940 eumque,
1134 886 1187 921 ut
1216 875 1409 923 decebat
1434 889 1535 924 tan·

131 966 231 1000 tum
252 959 430 1010 virum,
453 952 722 1017 benigniter
744 953 944 1016 suscepit
959 991 970 1013 ,
994 970 1244 1017 secumque
1264 965 1536 1001 reverenter

128 1049 273 1096 usque
295 1029 597 1077 Antiochiam
623 1029 832 1076 deduxit.
862 1029 929 1075 lbi
961 1029 1140 1076 diversa
1168 1031 1429 1095 peregrinis
1452 1049 1538 1078 vo-

129 1109 284 1155 luntas
309 1106 477 1155 oborta
503 1118 588 1155 est.
619 1107 738 1154 Nam
762 1107 955 1172 quidam
985 1125 1152 1154 eorum
1177 1118 1399 1156 terrestre
1426 1110 1533 1166 iter,

129 1197 183 1231 ut
218 1196 488 1249 coeperant,
528 1202 674 1249 usque
711 1185 757 1230 in
795 1185 1051 1231 Jerusalem
1087 1195 1248 1232 tenere
1293 1186 1533 1233 volebant.

131 1261 223 1307 Alii
250 1278 361 1308 vero
391 1260 657 1306 barbariem
684 1260 897 1324 gentium
922 1271 1211 1317 metuentes,
1243 1263 1430 1327 navigio
1455 1281 1540 1326 per

133 1348 337 1401 pontum
373 1337 440 1384 ire
476 1336 812 1394 decreverunt,
850 1354 1057 1401 quorum
1091 1338 1290 1385 consilio
1323 1339 1539 1402 pontifex

135 1423 180 1460 et
203 1412 370 1470 abbas,
397 1413 568 1478 aliique
592 1413 748 1476 plures
778 1430 1013 1458 assensum
1042 1413 1370 1477 praebuerunt.
1399 1416 1540 1461 Cum-

134 1505 226 1555 que
256 1490 431 1554 praesul
461 1507 627 1536 navem
651 1500 907 1554 nautasque
932 1490 1110 1554 peritos
1136 1492 1456 1555 perquireret,
1493 1505 1539 1540 et

134 1567 324 1632 quidam
352 1567 594 1631 religiosus
620 1565 1000 1612 Archimandrita
1036 1566 1247 1613 coenobii
1273 1569 1431 1614 Sancti
1463 1570 1540 1615 Si·-

134 1645 315 1692 meonis
343 1645 389 1690 in
415 1655 561 1707 portu
584 1644 734 1709 Syriae
757 1643 1072 1690 Teodericum
1104 1662 1213 1690 cum
1236 1646 1328 1691 suis
1355 1647 1539 1692 comiti-

133 1722 219 1768 bus
244 1721 590 1770 honorabiliter
612 1722 867 1779 detineret,
890 1720 1149 1769 Herbertus
1171 1722 1407 1770 Uticensis
1430 1742 1537 1770 mo*

133 1798 308 1845 nachus
336 1800 425 1846 iter
454 1797 739 1845 accelerandi
769 1798 998 1845 desiderio
1028 1798 1330 1863 fatigabatur,
1363 1801 1535 1865 magis—

132 1895 224 1942 que
254 1894 338 1941 per
373 1888 546 1924 terram
570 1894 713 1941 quam
738 1894 822 1939 per
855 1894 982 1923 mare
1006 1887 1162 1922 sancta
1193 1876 1294 1922 loca
1320 1888 1536 1940 expetere

132 1954 389 2002 nitebatur.
422 1954 577 2001 Abhas
612 1956 766 2020 itaque
796 1971 905 2000 suus
930 1955 968 2001 ei
1003 1956 1241 2001 licentiam
1267 1955 1405 2002 eundi
1437 1974 1535 2021 quo

133 2033 273 2079 vellet
305 2032 450 2079 dedit.
487 2032 568 2078 Ille
601 2042 757 2079 autem
793 2042 1012 2079 terrestre
1046 2033 1135 2079 iter
1168 2051 1386 2097 carpens,
1427 2052 1535 2081 cum

132 2120 284 2155 turma
308 2107 518 2172 peditum
546 2125 691 2173 usque
715 2108 981 2155 Laodiciam
1006 2109 1246 2172 pervenit,
1273 2109 1434 2174 ibique
1457 2128 1532 2158 ve-

132 2186 375 2233 hementer
395 2196 626 2250 aegrotans
647 2187 783 2233 sociis
803 2185 1084 2234 abeuntibus
1101 2185 1179 2233 diu
1203 2189 1445 2235 remansit.
1472 2191 1535 2235 Et

131 2273 380 2327 postquam
398 2263 474 2308 vix
495 2262 551 2309 de
575 2262 747 2309 lectulo
766 2264 990 2320 surrexit,
1015 2281 1111 2310 non
1139 2264 1187 2309 in
1209 2275 1342 2311 antea
1367 2265 1531 2328 pedem

135 2337 361 2394 tetendit,
389 2338 465 2385 sed
489 2339 600 2385 Eois
619 2338 832 2403 partibus
856 2340 1030 2386 relictis
1055 2340 1392 2387 occidentalem
1414 2341 1533 2388 Nor-

133 2415 375 2461 manniam
397 2416 677 2479 quantocius
700 2417 905 2480 repetiit.

199 2490 375 2538 Deinde
411 2493 582 2553 praesul
619 2503 664 2538 et
697 2493 981 2540 Teodericus
1022 2505 1067 2540 et
1097 2493 1380 2539 &villermus
1406 2498 1533 2541 Bona

134 2570 327 2625 Anima,
356 2569 563 2632 sociique
587 2587 750 2616 eorum
774 2572 821 2616 in
847 2581 989 2634 portu
1009 2572 1165 2617 Sancti
1192 2571 1423 2617 Simeonis
1447 2591 1534 2619 na·—

135 2663 238 2693 vem
277 2644 610 2701 ascenderunt,
649 2657 695 2692 et
733 2646 961 2692 sulcantes
1001 2664 1189 2710 aequora
1234 2647 1281 2693 in
1321 2648 1532 2713 Cyprum

137 2721 336 2766 insulam
363 2720 724 2785 navigaverunt,
761 2721 919 2785 ibique
950 2722 996 2766 in
1033 2722 1192 2769 littore
1220 2724 1360 2769 maris
1388 2724 1533 2771 abba-

232 2815 280 2843 ιι.
1316 2806 1342 2847 5
