1951 3194
547 269 702 310 LIBER
731 269 972 318 QUINTUS.
1405 270 1484 307 3⁶29

132 351 258 397 Dum
292 347 394 395 haec
417 360 688 413 agerentur,
727 348 926 394 nuntius
951 346 1110 406 venit,
1146 346 1305 394 dicens
1329 346 1482 392 filium

70 432 166 491 ejus
190 428 239 474 in
258 426 510 474 venatione
534 426 656 472 circa
682 425 925 472 castellum
944 424 1099 472 Alerci
1121 424 1195 489 (1)
1216 423 1483 488 praecipitio

69 514 315 551 mortuum
338 521 447 549 cum
468 503 704 567 armigero
726 520 830 550 suo.
855 503 1065 548 Licinius
1085 519 1198 567 ergo
1221 519 1330 548 cum
1350 501 1482 549 omni

70 582 280 629 exercitu
293 599 378 629 suo
393 581 534 627 nimis
551 580 857 627 contristatus
873 590 959 636 est,
981 589 1029 626 et
1044 580 1201 626 virum
1217 580 1301 627 Dei
1314 616 1328 637 ,
1342 596 1486 644 quem

72 659 281 707 cruciare
306 667 545 723 coeperat,
576 667 699 704 nutu
720 656 806 704 Dei
834 674 1002 722 rogare
1029 668 1216 705 coactus
1242 668 1328 705 est.
1355 659 1487 704 Tau-

71 737 205 784 rinus
228 748 409 794 autem,
432 747 684 801 postquam
708 735 758 781 in
781 735 973 782 ecclesia
996 736 1181 782 Sanctae
1199 735 1362 782 Mariae
1380 752 1488 798 pro-

73 824 244 860 stratus
267 814 447 870 oravit,
480 830 587 859 cum
610 812 793 877 populo
825 811 882 858 ad
914 828 1116 875 corpora
1148 811 1488 858 defunctorum

73 893 304 956 perrexit.
317 890 386 938 Ibi
403 891 570 938 devote
581 892 680 937 Deo
694 889 993 955 supplicavit,
1010 889 1254 954 finitisque
1267 889 1488 954 precibus

73 988 267 1017 manum
294 969 467 1016 Marini
493 970 681 1033 juvenis
707 968 983 1016 consobrini
1016 969 1085 1014 sui
1113 969 1187 1032 (2)
1215 967 1489 1033 apprehen-

73 1047 169 1104 dit,
203 1065 407 1112 eumque
435 1047 483 1093 in
513 1047 709 1094 nomine
728 1047 922 1094 Domini
946 1065 969 1092 a
991 1057 1148 1094 morte
1170 1046 1484 1094 resuscitavit.

77 1124 217 1184 Quod
246 1125 455 1170 Licinius
485 1134 532 1171 et
564 1141 686 1170 uxor
710 1126 806 1188 ejus
839 1135 886 1171 et
917 1141 1082 1171 omnes
1115 1124 1366 1188 optimates
1392 1125 1490 1188 ejus

76 1202 288 1250 videntes
311 1202 454 1267 gavisi
473 1212 583 1248 sunt
597 1238 610 1260 ‚
635 1213 682 1249 et
704 1202 1005 1266 procidentes
1025 1202 1082 1249 ad
1100 1202 1314 1266 praesulis
1331 1201 1488 1267 pedes,

77 1297 260 1326 sacrum
294 1279 383 1325 sibi
418 1279 649 1344 baptisma
683 1279 780 1326 dari
821 1281 1080 1344 petierunt.
1120 1281 1346 1345 Baptizati
1382 1291 1493 1327 sunt

79 1357 236 1421 itaque
261 1357 311 1402 in
334 1356 413 1402 illa
437 1356 511 1403 die
536 1356 667 1404 mille
693 1357 885 1404 ducenti
911 1359 1018 1405 viri.

143 1435 325 1481 Deinde
344 1435 530 1481 Marino
549 1436 762 1498 poscenti
786 1453 874 1499 pro
895 1435 1130 1500 armigero
1149 1453 1234 1482 suo
1254 1436 1491 1481 Taurinus

78 1513 344 1577 adquievit,
376 1512 433 1558 ad
462 1530 634 1577 corpus
661 1514 852 1560 accessit
869 1549 881 1569 ‚
914 1514 1063 1560 Deum
1090 1514 1357 1571 invocavit,
1382 1513 1493 1558 Pas—

80 1590 289 1637 chasium
314 1591 585 1637 inclamavit
608 1601 655 1638 et
681 1592 729 1637 in
750 1592 929 1637 virtute
952 1591 1036 1638 Dei
1061 1591 1172 1637 vitae
1195 1590 1491 1636 restauravit.

80 1668 237 1716 Ambo
263 1668 349 1714 sibi
386 1670 659 1733 superstites
692 1669 810 1714 vivis
839 1668 1110 1715 retulerunt
1141 1685 1249 1733 quae
1281 1666 1494 1714 defuncti

80 1747 202 1810 apud
241 1746 418 1794 inferos
455 1747 695 1793 viderunt.
738 1747 1004 1793 Paschasius
1044 1746 1233 1793 Marino
1272 1745 1496 1809 praedixit

81 1824 211 1887 quod
231 1825 280 1870 in
305 1824 379 1871 die
403 1841 501 1889 quo
526 1823 652 1870 albas
677 1823 937 1888 deponeret
955 1826 1021 1887 (5)
1046 1835 1317 1870 moreretur
1327 1843 1340 1880 3
1365 1823 1495 1887 quod

83 1903 143 1947 ita
166 1901 344 1948 factum
369 1912 454 1948 est..
479 1902 600 1947 Nam
619 1901 834 1947 Marinus
858 1901 948 1947 levi
976 1900 1108 1947 febre
1133 1910 1380 1964 correptus
1404 1910 1492 1956 est,

82 1988 129 2025 et
152 1988 315 2024 octava
345 1977 419 2024 die
446 1976 742 2040 baptismatis
770 1987 989 2023 mortuus
1017 1987 1101 2024 est.

146 2057 227 2101 His
253 2055 447 2119 aliisque
476 2055 638 2100 multis
664 2055 903 2101 miraculis
937 2056 1199 2114 Taurinus,
1225 2054 1497 2102 Ebroarum

81 2133 263 2196 primus
288 2131 524 2195 pontifex,
553 2132 744 2186 claruit,
766 2142 811 2178 et
835 2133 980 2179 muita
1005 2132 1152 2178 millia
1172 2132 1425 2179 hominum
1441 2132 1497 2177 ad

83 2210 405 2274 cognitionem
440 2210 650 2256 veritatis
684 2220 730 2256 et
758 2210 958 2273 justitiae
982 2210 1223 2273 perduxit.
1251 2210 1493 2273 Denique,

129 2362 179 2406 (1)
204 2361 305 2395 Nous
330 2371 487 2406 pensons
505 2372 576 2407 que
601 2373 640 2395 ce
658 2373 744 2395 nom
770 2374 815 2395 ne
833 2368 921 2408 peut
939 2361 1110 2408 designer
1126 2374 1198 2408 que
1216 2373 1256 2395 ce
1278 2360 1396 2395 meme
1418 2372 1496 2395 em-

83 2420 287 2467 placement
302 2418 348 2453 de
365 2418 618 2453 Mediolanum
640 2420 900 2463 Aulercorum,
923 2420 1014 2455 dont
1038 2433 1130 2455 nous
1145 2433 1279 2454 venons
1300 2420 1345 2454 dc
1364 2419 1496 2467 parler,

84 2487 122 2514 et
136 2491 198 2513 sur
211 2479 261 2513 les
278 2479 402 2512 ruines
419 2478 568 2525 duquel,
589 2491 635 2513 au
650 2471 916 2523 Vieil-Evreux‚
932 2482 981 2515 M.
998 2481 1115 2516 Rever
1129 2493 1149 2514 a
1163 2482 1290 2515 trouve
1304 2480 1366 2514 des
1382 2487 1499 2514 traces

86 2537 363 2573 incontestables
377 2537 422 2572 de
435 2537 641 2573 l’existence
655 2539 741 2572 d'un
756 2539 907 2574 chateau
925 2540 974 2574 du
993 2553 1124 2587 moyen
1143 2541 1220 2586 fige.

131 2598 180 2642 (2)
205 2596 319 2630 Notm
338 2603 468 2630 auteur
485 2608 504 2629 a
518 2595 640 2630 oublie
660 2596 706 2631 de
724 2598 919 2632 transm-ire
935 2598 968 2632 le
986 2610 1133 2645 passage
1149 2597 1194 2632 de
1213 2597 1245 2631 la
1260 2596 1416 2643 legende
1430 2598 1502 2643 pri-

88 2656 210 2690 mitive
237 2655 326 2690 dans
352 2654 472 2702 lequel
504 2655 681 2699 Licinius⁷
714 2656 913 2702 procedant
940 2659 957 2690 ἐι
989 2657 1295 2704 l'interrogatoire
1325 2656 1375 2690 du
1404 2657 1497 2691 saint

90 2714 220 2759 meiat,
243 2714 429 2749 reconnait
449 2727 493 2747 en
512 2714 561 2748 lui
583 2726 646 2748 son
666 2715 780 2750 oncle.

134 2773 183 2819 (5)
210 2774 267 2809 On
291 2776 357 2809 suit
378 2787 446 2821 quc
465 2775 514 2807 les
542 2787 725 2809 nouveaux
754 2776 908 2822 baptism
929 2789 972 2811 nc
998 2776 1191 2822 quittaicnt
1219 2788 1274 2809 ces
1303 2775 1499 2809 temnimus<

89 2832 208 2868 hlancs
228 2847 296 2879 quc
317 2834 347 2867 lc
362 2835 538 2869 liniticins*
562 2835 852 2881 joui·;1pi·‹'=slmii·
873 2836 1052 2870 initiatum
1074 2848 1115 2870 au
1141 2836 1418 2869 ‹vlnv'istianisnw
