1951 3194
419 224 496 263 446
787 226 1027 264 HISTORIA
1060 226 1457 269 ECCLESIASTICA.

606 305 686 339 Flos
703 316 897 350 procerum
916 304 1047 338 Petrus
1060 316 1174 351 prope
1189 305 1265 351 jani
1285 307 1422 342 decidit
1440 308 1532 342 idus.

604 364 761 411 Dapsilis
779 371 816 399 et
835 363 935 399 laetus
951 364 1110 398 multum
1129 365 1200 399 fuit
1217 373 1327 413 atque
1344 366 1492 409 facetus,

604 423 690 457 Plus
704 422 822 469 epulis
841 435 952 469 quam
971 422 1108 457 militiae
1125 423 1309 459 studiosus
1327 426 1450 472 agoni.

600 484 773 518 Summus
791 482 889 530 apud
907 495 1093 529 procereS,
1113 490 1150 518 et
1166 484 1347 519 nobilium
1366 485 1437 519 suit
1455 485 1579 520 haeres.

600 543 706 579 Vixit
723 542 924 577 honoratus
936 570 945 587 ,
966 549 1063 577 terra
1079 555 1150 590 qua
1168 551 1296 590 pausat
1314 544 1504 586 humatus,

600 603 647 636 Et
665 601 768 636 dedit
785 602 881 636 hanc
899 601 1021 636 sedem
1041 602 1180 637 Christi
1204 603 1392 649 genitricis
1409 603 1453 638 ad
1472 603 1595 638 aedem.

601 661 660 696 Bis
679 673 786 696 senus
800 661 878 708 jani
899 661 951 696 sol
972 661 1119 695 nubilus
1137 662 1259 696 extitit
1278 661 1351 704 illi3

601 722 672 757 Sed
690 722 743 756 sol
758 722 908 768 justitiae
925 734 1032 769 prece
1049 721 1212 768 fulgidus
1228 729 1304 757 esto
1323 722 1456 757 Mariae.

599 781 747 828 Plangit
765 782 925 816 Parisius
941 796 949 820 ;
972 788 1106 828 pangat
1125 793 1234 827 super
1250 781 1351 815 hunc
1371 780 1557 828 paradisus

600 841 671 875 Per
689 847 847 883 sanctos,
870 839 992 875 sedem
1011 840 1145 887 quibus
1165 840 1260 874 hanc
1277 840 1454 874 concessit
1472 846 1508 874 et
1524 838 1647 873 aedem.

479 936 739 993 Ansoldus,
770 936 897 982 Petri
923 935 1069 991 filius,
1094 935 1216 998 patri
1241 934 1457 982 moribus
1479 935 1527 980 in
1547 933 1826 999 quibusdam

414 1016 621 1061 multum
643 1014 736 1060 fuit
759 1013 1022 1069 dissimilis3
1050 1012 1330 1059 multimoda
1353 1024 1509 1059 tamen
1533 1014 1708 1060 virtute
1727 1031 1828 1059 ma-

406 1097 504 1157 jor,
531 1094 631 1149 vel,
670 1103 722 1137 ut
756 1091 1044 1138 moderatius
1071 1091 1241 1155 loquar
1269 1111 1279 1136 :
1314 1091 1522 1156 aequalis.
1560 1091 1678 1136 Erat
1700 1091 1827 1137 enim

414 1170 685 1218 excellentis
711 1169 889 1233 ingenii
917 1179 961 1215 et
989 1168 1343 1233 magnaninmS,
1378 1185 1579 1231 corpore
1611 1167 1750 1214 fortis
1781 1179 1827 1213 et

411 1267 656 1313 procerus,
677 1266 728 1294 ac
747 1247 941 1293 militari
962 1246 1201 1310 probitate
1219 1246 1652 1310 praestantissimus,
1669 1256 1827 1292 aucto-

411 1327 551 1372 ritate
575 1324 789 1371 sublimis
814 1335 860 1370 et
886 1324 933 1369 in
952 1322 1134 1387 judicio
1151 1324 1325 1386 justus,
1348 1323 1398 1368 in
1418 1322 1662 1369 sententiis
1680 1322 1827 1368 disse-

410 1404 569 1451 rendis
609 1402 758 1449 audax
799 1419 851 1447 ac
896 1400 1152 1457 facundus,
1195 1410 1335 1465 atque
1371 1399 1663 1464 philosophis
1708 1416 1826 1462 pene

410 1480 744 1546 adaequandus.
777 1478 1000 1525 Ecclesiae
1032 1477 1195 1523 limina
1225 1476 1582 1542 frequentabat,
1615 1486 1661 1522 et
1687 1476 1825 1522 sacris

409 1558 709 1607 sermonibus
731 1556 910 1620 patulas
929 1573 1062 1602 aures
1082 1556 1283 1602 solerter
1306 1553 1708 1602 accommodabat.
1736 1554 1824 1601 Res

407 1647 580 1702 gesta5‚
609 1646 755 1698 prout
775 1634 982 1698 antiquis
1007 1633 1247 1679 codicibus
1267 1634 1455 1680 insertae
1482 1643 1617 1691 sunt,
1644 1632 1823 1678 edisce—

408 1715 515 1771 bat,
548 1732 572 1760 a
601 1713 754 1759 doctis
781 1710 1066 1758 relatoribus
1093 1711 1290 1757 solerter
1322 1709 1656 1774 investigabat,
1690 1710 1823 1756 audi-

409 1803 570 1856 tasque
602 1800 794 1855 patrum
823 1789 941 1834 vitas
977 1789 1127 1834 tenaci
1164 1788 1409 1835 memoriae
1442 1786 1818 1834 commendabat.

407 1868 659 1915 Falsidicos
690 1865 939 1920 relatores,
975 1874 1023 1910 et
1052 1863 1254 1910 verbum
1282 1864 1366 1909 Dei
1401 1862 1739 1919 adulterantes,
1777 1874 1821 1910 et

407 1943 627 2009 turpibus
657 1943 802 1988 lucris
831 1940 1063 1987 inhiantes
1089 1957 1253 1988 exosos
1284 1939 1512 1996 habebat,
1550 1952 1597 1987 et
1628 1939 1821 1987 detectis

405 2019 770 2085 sophismatibus
793 2017 1031 2081 malignis,
1048 2035 1106 2064 ne
1124 2017 1334 2065 insontes
1354 2017 1644 2080 deciperent,
1667 2016 1820 2080 palam

405 2097 699 2148 confutabat.
742 2096 1027 2161 Religiosam
1062 2093 1407 2142 Guindesmotb
1448 2105 1650 2141 matrem
1689 2110 1818 2140 suam

404 2195 589 2243 semper
612 2175 891 2232 honoravit,
914 2184 961 2221 et
979 2174 1026 2220 in
1047 2172 1290 2232 omnibus,
1317 2182 1368 2218 ut
1388 2171 1535 2219 fidelis
1553 2171 1703 2230 filius,
1724 2171 1815 2234 piae

402 2257 542 2305 matri
564 2253 918 2303 obsecundavit.
940 2253 1053 2298 Haec
1067 2251 1280 2298 nobilem
1299 2268 1355 2298 ex
1372 2250 1647 2298 Trecassino
1668 2249 1813 2296 terri-

402 2334 529 2382 torio
555 2331 821 2396 prosapiam
843 2329 1001 2385 duxit,
1028 2329 1223 2393 Deoque
1245 2328 1436 2383 devota,
1464 2327 1561 2374 fere
1587 2343 1651 2372 xv
1675 2326 1811 2372 annis

400 2412 575 2459 marito
603 2426 688 2456 suo
718 2409 769 2454 in
797 2406 1026 2453 viduitate
1061 2405 1337 2470 supervixit.
1375 2405 1506 2451 Felix
1535 2421 1673 2460 anuS,
1700 2420 1807 2468 quae

400 2507 547 2554 usque
585 2488 634 2534 in
668 2486 852 2534 senium
886 2484 976 2531 fida
1012 2483 1175 2531 sobole
1210 2484 1259 2529 in
1294 2483 1451 2528 mariti
1490 2481 1697 2528 thalamo
1732 2481 1806 2544 pie

399 2576 652 2614 sustentata
672 2575 768 2621 est;
791 2574 837 2611 et
861 2562 1037 2610 ibidem
1056 2561 1405 2610 consolatorem
1424 2560 1494 2606 sui
1518 2559 1804 2605 tutissimum

398 2645 578 2701 videns,
605 2643 777 2691 viatico
800 2652 990 2706 sumpto
1014 2639 1234 2688 defuncta
1260 2649 1344 2687 est.
1372 2638 1494 2684 Hinc
1518 2654 1541 2683 a
1560 2635 1683 2682 dulci
1703 2634 1803 2681 filio

401 2731 668 2769 reverenter
687 2720 744 2765 ad
766 2719 1001 2766 tumulum
1022 2719 1210 2766 devecta
1228 2727 1311 2773 est,
1335 2726 1380 2762 et
1400 2716 1446 2760 in
1465 2712 1645 2778 gremio
1662 2710 1804 2758 eccle·
