<?xml version="1.0" encoding="UTF-8"?>
<!DOCTYPE html PUBLIC "-//W3C//DTD XHTML 1.0 Transitional//EN"
    "http://www.w3.org/TR/xhtml1/DTD/xhtml1-transitional.dtd">
<html xmlns="http://www.w3.org/1999/xhtml" xml:lang="en" lang="en">
 <head>
  <title>
</title>
<meta http-equiv="Content-Type" content="text/html;charset=utf-8" />
  <meta name='ocr-system' content='tesseract 3.04.00' />
  <meta name='ocr-capabilities' content='ocr_page ocr_carea ocr_par ocr_line ocrx_word'/>
</head>
<body>
  <div class='ocr_page' id='page_1' title='image "./ordericivitalish02ordeuoft/ordericivitalish02ordeuoft_0103.png"; bbox 0 0 1951 3194; ppageno 0'>
   <div class='ocr_carea' id='block_1_1' title="bbox 142 220 1546 273">
    <p class='ocr_par' dir='ltr' id='par_1_1' title="bbox 142 220 1546 273">
     <span class='ocr_line' id='line_1_1' title="bbox 142 220 1546 273; baseline -0.002 -11"><span class='ocrx_word' id='word_1_1' title='bbox 142 224 410 273; x_wconf 61' lang='lat'>[1059-1061]</span> <span class='ocrx_word' id='word_1_2' title='bbox 629 221 781 260; x_wconf 83' lang='lat' dir='ltr'><strong>LlBER</strong></span> <span class='ocrx_word' id='word_1_3' title='bbox 811 220 1044 259; x_wconf 79' lang='lat' dir='ltr'><strong>TERTIUS.</strong></span> <span class='ocrx_word' id='word_1_4' title='bbox 1496 225 1546 259; x_wconf 81' lang='lat'><strong>77</strong></span> 
     </span>
    </p>
   </div>
   <div class='ocr_carea' id='block_1_2' title="bbox 140 300 1556 2606">
    <p class='ocr_par' dir='ltr' id='par_1_2' title="bbox 140 300 1553 583">
     <span class='ocr_line' id='line_1_2' title="bbox 142 300 1551 365; baseline -0.002 -16"><span class='ocrx_word' id='word_1_5' title='bbox 142 313 297 350; x_wconf 83' lang='lat' dir='ltr'><strong>autem</strong></span> <span class='ocrx_word' id='word_1_6' title='bbox 325 301 607 349; x_wconf 88' lang='lat' dir='ltr'><strong>Teodericus</strong></span> <span class='ocrx_word' id='word_1_7' title='bbox 632 302 811 347; x_wconf 90' lang='lat' dir='ltr'><strong>mundo</strong></span> <span class='ocrx_word' id='word_1_8' title='bbox 835 301 1149 357; x_wconf 87' lang='lat' dir='ltr'><strong>substractus,</strong></span> <span class='ocrx_word' id='word_1_9' title='bbox 1177 301 1371 365; x_wconf 87' lang='lat' dir='ltr'><strong>Deoque</strong></span> <span class='ocrx_word' id='word_1_10' title='bbox 1397 300 1551 347; x_wconf 86' lang='lat' dir='ltr'><strong>dona-</strong></span> 
     </span>
     <span class='ocr_line' id='line_1_3' title="bbox 143 376 1553 440; baseline -0.002 -16"><span class='ocrx_word' id='word_1_11' title='bbox 143 390 247 436; x_wconf 88' lang='lat' dir='ltr'><strong>tus,</strong></span> <span class='ocrx_word' id='word_1_12' title='bbox 283 396 382 426; x_wconf 82' lang='lat' dir='ltr'><strong>Lvu</strong></span> <span class='ocrx_word' id='word_1_13' title='bbox 412 380 547 425; x_wconf 87' lang='lat' dir='ltr'><strong>annis</strong></span> <span class='ocrx_word' id='word_1_14' title='bbox 579 379 625 424; x_wconf 93' lang='lat' dir='ltr'><strong>in</strong></span> <span class='ocrx_word' id='word_1_15' title='bbox 659 377 912 424; x_wconf 85' lang='lat' dir='ltr'>monachili</span> <span class='ocrx_word' id='word_1_16' title='bbox 950 377 1183 424; x_wconf 86' lang='lat' dir='ltr'><strong>schemate</strong></span> <span class='ocrx_word' id='word_1_17' title='bbox 1213 376 1356 430; x_wconf 85' lang='lat' dir='ltr'><strong>vixit,</strong></span> <span class='ocrx_word' id='word_1_18' title='bbox 1393 386 1440 423; x_wconf 86' lang='lat' dir='ltr'><strong>et</strong></span> <span class='ocrx_word' id='word_1_19' title='bbox 1467 393 1553 440; x_wconf 89' lang='lat' dir='ltr'><strong>per</strong></span> 
     </span>
     <span class='ocr_line' id='line_1_4' title="bbox 142 455 1551 522; baseline -0.002 -20"><span class='ocrx_word' id='word_1_20' title='bbox 142 457 351 521; x_wconf 82' lang='lat' dir='ltr'><strong>singulos</strong></span> <span class='ocrx_word' id='word_1_21' title='bbox 374 456 541 520; x_wconf 81' lang='lat' dir='ltr'><strong>gradus</strong></span> <span class='ocrx_word' id='word_1_22' title='bbox 565 474 710 522; x_wconf 86' lang='lat' dir='ltr'><strong>usque</strong></span> <span class='ocrx_word' id='word_1_23' title='bbox 733 456 787 501; x_wconf 87' lang='lat' dir='ltr'><strong>ad</strong></span> <span class='ocrx_word' id='word_1_24' title='bbox 813 455 1126 502; x_wconf 79' lang='lat' dir='ltr'>sacerdotium</span> <span class='ocrx_word' id='word_1_25' title='bbox 1158 455 1365 518; x_wconf 81' lang='lat' dir='ltr'><strong>legitime</strong></span> <span class='ocrx_word' id='word_1_26' title='bbox 1389 472 1551 500; x_wconf 86' lang='lat' dir='ltr'><strong>ascen-</strong></span> 
     </span>
     <span class='ocr_line' id='line_1_5' title="bbox 140 534 857 583; baseline -0.001 -3"><span class='ocrx_word' id='word_1_27' title='bbox 140 534 254 581; x_wconf 85' lang='lat' dir='ltr'><strong>dens</strong></span> <span class='ocrx_word' id='word_1_28' title='bbox 280 535 473 583; x_wconf 78' lang='lat' dir='ltr'><strong>honeste</strong></span> <span class='ocrx_word' id='word_1_29' title='bbox 498 536 595 582; x_wconf 89' lang='lat' dir='ltr'><strong>Deo</strong></span> <span class='ocrx_word' id='word_1_30' title='bbox 618 535 857 581; x_wconf 82' lang='lat' dir='ltr'>militavit.</span> 
     </span>
    </p>

    <p class='ocr_par' dir='ltr' id='par_1_3' title="bbox 142 610 1556 2606">
     <span class='ocr_line' id='line_1_6' title="bbox 207 610 1546 676; baseline -0.002 -18"><span class='ocrx_word' id='word_1_31' title='bbox 207 613 387 660; x_wconf 87' lang='lat' dir='ltr'><strong>Eodem</strong></span> <span class='ocrx_word' id='word_1_32' title='bbox 409 623 619 676; x_wconf 87' lang='lat' dir='ltr'><strong>tempore</strong></span> <span class='ocrx_word' id='word_1_33' title='bbox 635 611 783 658; x_wconf 87' lang='lat' dir='ltr'><strong>Wido</strong></span> <span class='ocrx_word' id='word_1_34' title='bbox 805 623 1124 676; x_wconf 79' lang='lat' dir='ltr'><strong>cognomento</strong></span> <span class='ocrx_word' id='word_1_35' title='bbox 1147 612 1327 658; x_wconf 87' lang='lat' dir='ltr'><strong>Bollein</strong></span> <span class='ocrx_word' id='word_1_36' title='bbox 1350 610 1546 657; x_wconf 90' lang='lat' dir='ltr'><strong>senioris</strong></span> 
     </span>
     <span class='ocr_line' id='line_1_7' title="bbox 142 687 1550 753; baseline -0.001 -19"><span class='ocrx_word' id='word_1_37' title='bbox 142 687 304 736; x_wconf 86' lang='lat' dir='ltr'><strong>Geroii</strong></span> <span class='ocrx_word' id='word_1_38' title='bbox 335 707 571 753; x_wconf 85' lang='lat' dir='ltr'><strong>pronepos</strong></span> <span class='ocrx_word' id='word_1_39' title='bbox 601 706 708 734; x_wconf 88' lang='lat' dir='ltr'><strong>cum</strong></span> <span class='ocrx_word' id='word_1_40' title='bbox 741 687 976 735; x_wconf 85' lang='lat' dir='ltr'><strong>Hodierna</strong></span> <span class='ocrx_word' id='word_1_41' title='bbox 1008 689 1207 751; x_wconf 79' lang='lat' dir='ltr'><strong>conjuge</strong></span> <span class='ocrx_word' id='word_1_42' title='bbox 1239 706 1315 734; x_wconf 88' lang='lat' dir='ltr'><strong>sua</strong></span> <span class='ocrx_word' id='word_1_43' title='bbox 1353 688 1402 733; x_wconf 89' lang='lat' dir='ltr'><strong>in</strong></span> <span class='ocrx_word' id='word_1_44' title='bbox 1430 704 1550 750; x_wconf 73' lang='lat' dir='ltr'><strong>pago</strong></span> 
     </span>
     <span class='ocr_line' id='line_1_8' title="bbox 144 764 1552 829; baseline -0.002 -18"><span class='ocrx_word' id='word_1_45' title='bbox 144 765 455 814; x_wconf 88' lang='lat' dir='ltr'><strong>Corboniensi</strong></span> <span class='ocrx_word' id='word_1_46' title='bbox 485 764 830 812; x_wconf 81' lang='lat' dir='ltr'><strong>honorabiliter</strong></span> <span class='ocrx_word' id='word_1_47' title='bbox 860 764 1046 829; x_wconf 81' lang='lat' dir='ltr'><strong>vigebat</strong></span> <span class='ocrx_word' id='word_1_48' title='bbox 1064 801 1074 820; x_wconf 82' lang='grc'>,</span> <span class='ocrx_word' id='word_1_49' title='bbox 1107 774 1154 810; x_wconf 85' lang='lat' dir='ltr'><strong>et</strong></span> <span class='ocrx_word' id='word_1_50' title='bbox 1182 765 1229 810; x_wconf 91' lang='lat' dir='ltr'><strong>in</strong></span> <span class='ocrx_word' id='word_1_51' title='bbox 1261 764 1428 810; x_wconf 84' lang='lat' dir='ltr'><strong>ordine</strong></span> <span class='ocrx_word' id='word_1_52' title='bbox 1456 768 1552 809; x_wconf 85' lang='lat' dir='ltr'><strong>mi—</strong></span> 
     </span>
     <span class='ocr_line' id='line_1_9' title="bbox 143 838 1548 907; baseline -0.001 -20"><span class='ocrx_word' id='word_1_53' title='bbox 143 843 267 888; x_wconf 86' lang='lat' dir='ltr'><strong>litari</strong></span> <span class='ocrx_word' id='word_1_54' title='bbox 306 842 481 889; x_wconf 90' lang='lat' dir='ltr'><strong>divitiis</strong></span> <span class='ocrx_word' id='word_1_55' title='bbox 517 843 765 907; x_wconf 87' lang='lat' dir='ltr'><strong>ampliatus</strong></span> <span class='ocrx_word' id='word_1_56' title='bbox 806 860 908 888; x_wconf 88' lang='lat' dir='ltr'><strong>rem</strong></span> <span class='ocrx_word' id='word_1_57' title='bbox 944 859 1075 887; x_wconf 89' lang='lat' dir='ltr'><strong>suam</strong></span> <span class='ocrx_word' id='word_1_58' title='bbox 1108 840 1304 887; x_wconf 83' lang='lat' dir='ltr'><strong>honeste</strong></span> <span class='ocrx_word' id='word_1_59' title='bbox 1340 838 1548 903; x_wconf 74' lang='lat' dir='ltr'><strong>regebat.</strong></span> 
     </span>
     <span class='ocr_line' id='line_1_10' title="bbox 143 919 1549 984; baseline -0.002 -19"><span class='ocrx_word' id='word_1_60' title='bbox 143 920 263 965; x_wconf 91' lang='lat' dir='ltr'>Huic</span> <span class='ocrx_word' id='word_1_61' title='bbox 287 930 421 966; x_wconf 89' lang='lat' dir='ltr'><strong>erant</strong></span> <span class='ocrx_word' id='word_1_62' title='bbox 440 921 597 984; x_wconf 89' lang='lat' dir='ltr'><strong>plures</strong></span> <span class='ocrx_word' id='word_1_63' title='bbox 622 921 705 966; x_wconf 84' lang='lat' dir='ltr'><strong>filii</strong></span> <span class='ocrx_word' id='word_1_64' title='bbox 729 941 739 966; x_wconf 90' lang='lat'>:</span> <span class='ocrx_word' id='word_1_65' title='bbox 764 920 1068 967; x_wconf 90' lang='lat' dir='ltr'><strong>Normannus</strong></span> <span class='ocrx_word' id='word_1_66' title='bbox 1092 930 1138 966; x_wconf 91' lang='lat' dir='ltr'><strong>et</strong></span> <span class='ocrx_word' id='word_1_67' title='bbox 1157 919 1447 975; x_wconf 71' lang='lat' dir='ltr'><strong>walterius,</strong></span> <span class='ocrx_word' id='word_1_68' title='bbox 1469 919 1549 982; x_wconf 87' lang='lat' dir='ltr'><strong>qui</strong></span> 
     </span>
     <span class='ocr_line' id='line_1_11' title="bbox 143 995 1554 1061; baseline 0 -21"><span class='ocrx_word' id='word_1_69' title='bbox 143 995 325 1043; x_wconf 82' lang='lat' dir='ltr'><strong>militiae</strong></span> <span class='ocrx_word' id='word_1_70' title='bbox 354 997 596 1044; x_wconf 80' lang='lat' dir='ltr'><strong>laboribus</strong></span> <span class='ocrx_word' id='word_1_71' title='bbox 619 998 968 1055; x_wconf 82' lang='lat' dir='ltr'><strong>deservierunt,</strong></span> <span class='ocrx_word' id='word_1_72' title='bbox 996 997 1270 1044; x_wconf 87' lang='lat' dir='ltr'><strong>Goisfredus</strong></span> <span class='ocrx_word' id='word_1_73' title='bbox 1295 1014 1487 1061; x_wconf 84' lang='lat' dir='ltr'><strong>quoque</strong></span> <span class='ocrx_word' id='word_1_74' title='bbox 1506 1005 1554 1041; x_wconf 87' lang='lat' dir='ltr'><strong>et</strong></span> 
     </span>
     <span class='ocr_line' id='line_1_12' title="bbox 143 1071 1551 1139; baseline -0.001 -21"><span class='ocrx_word' id='word_1_75' title='bbox 143 1073 424 1122; x_wconf 84' lang='lat' dir='ltr'><strong>Willermus</strong></span> <span class='ocrx_word' id='word_1_76' title='bbox 446 1085 765 1139; x_wconf 79' lang='lat' dir='ltr'><strong>cognomento</strong></span> <span class='ocrx_word' id='word_1_77' title='bbox 784 1073 1065 1137; x_wconf 81' lang='lat' dir='ltr'><strong>Gregorius,</strong></span> <span class='ocrx_word' id='word_1_78' title='bbox 1086 1075 1167 1138; x_wconf 86' lang='lat' dir='ltr'><strong>qui</strong></span> <span class='ocrx_word' id='word_1_79' title='bbox 1189 1073 1358 1119; x_wconf 87' lang='lat' dir='ltr'><strong>litteris</strong></span> <span class='ocrx_word' id='word_1_80' title='bbox 1381 1071 1551 1118; x_wconf 80' lang='lat' dir='ltr'><strong>imbuti</strong></span> 
     </span>
     <span class='ocr_line' id='line_1_13' title="bbox 143 1151 1553 1199; baseline -0.001 -4"><span class='ocrx_word' id='word_1_81' title='bbox 143 1160 336 1197; x_wconf 82' lang='lat' dir='ltr'><strong>stemma</strong></span> <span class='ocrx_word' id='word_1_82' title='bbox 378 1151 623 1199; x_wconf 88' lang='lat' dir='ltr'><strong>sacerdotii</strong></span> <span class='ocrx_word' id='word_1_83' title='bbox 663 1152 786 1197; x_wconf 85' lang='lat' dir='ltr'><strong>nacti</strong></span> <span class='ocrx_word' id='word_1_84' title='bbox 829 1162 956 1198; x_wconf 86' lang='lat' dir='ltr'><strong>sunt.</strong></span> <span class='ocrx_word' id='word_1_85' title='bbox 993 1151 1221 1197; x_wconf 83' lang='lat' dir='ltr'><strong>Praefatus</strong></span> <span class='ocrx_word' id='word_1_86' title='bbox 1254 1151 1392 1197; x_wconf 88' lang='lat' dir='ltr'><strong>Wido</strong></span> <span class='ocrx_word' id='word_1_87' title='bbox 1431 1159 1553 1195; x_wconf 86' lang='lat' dir='ltr'><strong>nutu</strong></span> 
     </span>
     <span class='ocr_line' id='line_1_14' title="bbox 144 1227 1554 1292; baseline 0 -20"><span class='ocrx_word' id='word_1_88' title='bbox 144 1227 226 1274; x_wconf 90' lang='lat' dir='ltr'><strong>Dei</strong></span> <span class='ocrx_word' id='word_1_89' title='bbox 259 1238 305 1274; x_wconf 89' lang='lat' dir='ltr'><strong>et</strong></span> <span class='ocrx_word' id='word_1_90' title='bbox 337 1229 563 1274; x_wconf 88' lang='lat' dir='ltr'><strong>instinctu</strong></span> <span class='ocrx_word' id='word_1_91' title='bbox 600 1229 828 1275; x_wconf 87' lang='lat' dir='ltr'><strong>Rodberti</strong></span> <span class='ocrx_word' id='word_1_92' title='bbox 864 1228 1073 1283; x_wconf 83' lang='lat' dir='ltr'><strong>abbatis,</strong></span> <span class='ocrx_word' id='word_1_93' title='bbox 1115 1228 1299 1292; x_wconf 77' lang='lat' dir='ltr'><strong>cognati</strong></span> <span class='ocrx_word' id='word_1_94' title='bbox 1336 1227 1554 1273; x_wconf 83' lang='lat' dir='ltr'><strong>videlicet</strong></span> 
     </span>
     <span class='ocr_line' id='line_1_15' title="bbox 145 1303 1552 1361; baseline -0.001 -12"><span class='ocrx_word' id='word_1_95' title='bbox 145 1305 241 1361; x_wconf 90' lang='lat' dir='ltr'><strong>sui,</strong></span> <span class='ocrx_word' id='word_1_96' title='bbox 269 1305 510 1352; x_wconf 88' lang='lat' dir='ltr'><strong>Uticenses</strong></span> <span class='ocrx_word' id='word_1_97' title='bbox 540 1306 746 1352; x_wconf 85' lang='lat' dir='ltr'><strong>multum</strong></span> <span class='ocrx_word' id='word_1_98' title='bbox 775 1305 965 1358; x_wconf 71' lang='lat' dir='ltr'><strong>dilexit,</strong></span> <span class='ocrx_word' id='word_1_99' title='bbox 989 1317 1036 1352; x_wconf 88' lang='lat' dir='ltr'><strong>et</strong></span> <span class='ocrx_word' id='word_1_100' title='bbox 1058 1305 1368 1352; x_wconf 81' lang='lat' dir='ltr'><strong>Willermum</strong></span> <span class='ocrx_word' id='word_1_101' title='bbox 1400 1303 1552 1349; x_wconf 87' lang='lat' dir='ltr'><strong>filium</strong></span> 
     </span>
     <span class='ocr_line' id='line_1_16' title="bbox 146 1381 1552 1447; baseline 0 -21"><span class='ocrx_word' id='word_1_102' title='bbox 146 1398 308 1439; x_wconf 86' lang='lat' dir='ltr'><strong>suum,</strong></span> <span class='ocrx_word' id='word_1_103' title='bbox 337 1384 416 1447; x_wconf 87' lang='lat' dir='ltr'><strong>qui</strong></span> <span class='ocrx_word' id='word_1_104' title='bbox 447 1393 560 1429; x_wconf 91' lang='lat' dir='ltr'><strong>tunc</strong></span> <span class='ocrx_word' id='word_1_105' title='bbox 585 1384 734 1431; x_wconf 88' lang='lat' dir='ltr'><strong>ferme</strong></span> <span class='ocrx_word' id='word_1_106' title='bbox 761 1401 933 1432; x_wconf 84' lang='lat' dir='ltr'><strong>novem</strong></span> <span class='ocrx_word' id='word_1_107' title='bbox 960 1401 1197 1430; x_wconf 87' lang='lat' dir='ltr'><strong>annorum</strong></span> <span class='ocrx_word' id='word_1_108' title='bbox 1221 1392 1344 1438; x_wconf 82' lang='lat' dir='ltr'><strong>erat,</strong></span> <span class='ocrx_word' id='word_1_109' title='bbox 1370 1381 1552 1427; x_wconf 87' lang='lat' dir='ltr'><strong>mundo</strong></span> 
     </span>
     <span class='ocr_line' id='line_1_17' title="bbox 148 1458 1552 1525; baseline -0.001 -21"><span class='ocrx_word' id='word_1_110' title='bbox 148 1458 330 1523; x_wconf 89' lang='lat' dir='ltr'><strong>sibique</strong></span> <span class='ocrx_word' id='word_1_111' title='bbox 359 1459 611 1517; x_wconf 79' lang='lat' dir='ltr'><strong>abdicavit,</strong></span> <span class='ocrx_word' id='word_1_112' title='bbox 637 1463 831 1525; x_wconf 86' lang='lat' dir='ltr'><strong>Deoque</strong></span> <span class='ocrx_word' id='word_1_113' title='bbox 858 1460 943 1506; x_wconf 86' lang='lat' dir='ltr'><strong>sub</strong></span> <span class='ocrx_word' id='word_1_114' title='bbox 978 1459 1232 1507; x_wconf 80' lang='lat' dir='ltr'><strong>monachili</strong></span> <span class='ocrx_word' id='word_1_115' title='bbox 1259 1462 1375 1523; x_wconf 82' lang='lat' dir='ltr'><strong>jugo</strong></span> <span class='ocrx_word' id='word_1_116' title='bbox 1403 1459 1450 1504; x_wconf 90' lang='lat' dir='ltr'><strong>in</strong></span> <span class='ocrx_word' id='word_1_117' title='bbox 1480 1476 1552 1504; x_wconf 87' lang='lat' dir='ltr'><strong>ec-</strong></span> 
     </span>
     <span class='ocr_line' id='line_1_18' title="bbox 146 1536 1550 1595; baseline -0.001 -13"><span class='ocrx_word' id='word_1_118' title='bbox 146 1537 278 1584; x_wconf 86' lang='lat' dir='ltr'><strong>clesia</strong></span> <span class='ocrx_word' id='word_1_119' title='bbox 300 1538 507 1584; x_wconf 87' lang='lat' dir='ltr'><strong>Uticensi</strong></span> <span class='ocrx_word' id='word_1_120' title='bbox 530 1538 814 1585; x_wconf 88' lang='lat' dir='ltr'><strong>serviturum</strong></span> <span class='ocrx_word' id='word_1_121' title='bbox 829 1576 843 1595; x_wconf 84' lang='lat'><strong><em>,</em></strong></span> <span class='ocrx_word' id='word_1_122' title='bbox 873 1538 922 1584; x_wconf 90' lang='lat' dir='ltr'><strong>in</strong></span> <span class='ocrx_word' id='word_1_123' title='bbox 947 1538 1021 1584; x_wconf 90' lang='lat' dir='ltr'><strong>die</strong></span> <span class='ocrx_word' id='word_1_124' title='bbox 1044 1537 1309 1584; x_wconf 81' lang='lat' dir='ltr'><strong>festivitatis</strong></span> <span class='ocrx_word' id='word_1_125' title='bbox 1334 1536 1550 1582; x_wconf 86' lang='lat' dir='ltr'><strong>omnium</strong></span> 
     </span>
     <span class='ocr_line' id='line_1_19' title="bbox 147 1613 1551 1679; baseline -0.003 -18"><span class='ocrx_word' id='word_1_126' title='bbox 147 1615 427 1662; x_wconf 82' lang='lat' dir='ltr'><strong>Sanctorum</strong></span> <span class='ocrx_word' id='word_1_127' title='bbox 441 1616 648 1662; x_wconf 81' lang='lat' dir='ltr'><strong>tradidit.</strong></span> <span class='ocrx_word' id='word_1_128' title='bbox 667 1618 804 1662; x_wconf 89' lang='lat' dir='ltr'><strong>Tunc</strong></span> <span class='ocrx_word' id='word_1_129' title='bbox 815 1616 1097 1663; x_wconf 81' lang='lat' dir='ltr'><strong>Willermus</strong></span> <span class='ocrx_word' id='word_1_130' title='bbox 1114 1614 1399 1679; x_wconf 85' lang='lat' dir='ltr'><strong>Praepositus</strong></span> <span class='ocrx_word' id='word_1_131' title='bbox 1419 1613 1551 1659; x_wconf 88' lang='lat' dir='ltr'><strong>miles</strong></span> 
     </span>
     <span class='ocr_line' id='line_1_20' title="bbox 146 1690 1552 1758; baseline -0.002 -20"><span class='ocrx_word' id='word_1_132' title='bbox 146 1693 380 1757; x_wconf 84' lang='lat' dir='ltr'><strong>egregius,</strong></span> <span class='ocrx_word' id='word_1_133' title='bbox 412 1693 625 1758; x_wconf 83' lang='lat' dir='ltr'><strong>praedicti</strong></span> <span class='ocrx_word' id='word_1_134' title='bbox 652 1694 787 1758; x_wconf 87' lang='lat' dir='ltr'><strong>pueri</strong></span> <span class='ocrx_word' id='word_1_135' title='bbox 815 1694 1099 1751; x_wconf 80' lang='lat' dir='ltr'><strong>avunculus,</strong></span> <span class='ocrx_word' id='word_1_136' title='bbox 1132 1693 1372 1740; x_wconf 88' lang='lat' dir='ltr'><strong>ecclesiam</strong></span> <span class='ocrx_word' id='word_1_137' title='bbox 1391 1691 1448 1737; x_wconf 90' lang='lat' dir='ltr'><strong>de</strong></span> <span class='ocrx_word' id='word_1_138' title='bbox 1468 1690 1552 1736; x_wconf 86' lang='lat' dir='ltr'><strong>Al-</strong></span> 
     </span>
     <span class='ocr_line' id='line_1_21' title="bbox 145 1770 1550 1835; baseline -0.001 -18"><span class='ocrx_word' id='word_1_139' title='bbox 145 1788 290 1835; x_wconf 80' lang='lat' dir='ltr'><strong>geron</strong></span> <span class='ocrx_word' id='word_1_140' title='bbox 313 1771 386 1835; x_wconf 85' lang='lat'><strong>(1)</strong></span> <span class='ocrx_word' id='word_1_141' title='bbox 407 1789 515 1818; x_wconf 92' lang='lat' dir='ltr'><strong>cum</strong></span> <span class='ocrx_word' id='word_1_142' title='bbox 534 1782 631 1818; x_wconf 87' lang='lat' dir='ltr'><strong>tota</strong></span> <span class='ocrx_word' id='word_1_143' title='bbox 650 1772 759 1818; x_wconf 83' lang='lat' dir='ltr'><strong>villa</strong></span> <span class='ocrx_word' id='word_1_144' title='bbox 788 1773 961 1819; x_wconf 88' lang='lat' dir='ltr'><strong>Sancto</strong></span> <span class='ocrx_word' id='word_1_145' title='bbox 989 1770 1191 1819; x_wconf 80' lang='lat' dir='ltr'><strong>Ebrulfo</strong></span> <span class='ocrx_word' id='word_1_146' title='bbox 1218 1770 1373 1828; x_wconf 83' lang='lat' dir='ltr'><strong>dedit,</strong></span> <span class='ocrx_word' id='word_1_147' title='bbox 1403 1780 1449 1816; x_wconf 86' lang='lat' dir='ltr'><strong>et</strong></span> <span class='ocrx_word' id='word_1_148' title='bbox 1475 1786 1550 1827; x_wconf 78' lang='lat' dir='ltr'><strong>se,</strong></span> 
     </span>
     <span class='ocr_line' id='line_1_22' title="bbox 147 1846 1552 1915; baseline -0.001 -22"><span class='ocrx_word' id='word_1_149' title='bbox 147 1858 391 1913; x_wconf 87' lang='lat' dir='ltr'><strong>totamque</strong></span> <span class='ocrx_word' id='word_1_150' title='bbox 425 1849 699 1896; x_wconf 83' lang='lat' dir='ltr'><strong>substantiae</strong></span> <span class='ocrx_word' id='word_1_151' title='bbox 730 1867 826 1897; x_wconf 88' lang='lat' dir='ltr'><strong>suae</strong></span> <span class='ocrx_word' id='word_1_152' title='bbox 856 1860 1041 1915; x_wconf 89' lang='lat' dir='ltr'><strong>partem</strong></span> <span class='ocrx_word' id='word_1_153' title='bbox 1076 1851 1123 1896; x_wconf 90' lang='lat' dir='ltr'><strong>in</strong></span> <span class='ocrx_word' id='word_1_154' title='bbox 1156 1849 1251 1896; x_wconf 88' lang='lat' dir='ltr'><strong>fine</strong></span> <span class='ocrx_word' id='word_1_155' title='bbox 1282 1865 1367 1894; x_wconf 93' lang='lat' dir='ltr'><strong>suo</strong></span> <span class='ocrx_word' id='word_1_156' title='bbox 1401 1846 1552 1894; x_wconf 87' lang='lat' dir='ltr'><strong>eidem</strong></span> 
     </span>
     <span class='ocr_line' id='line_1_23' title="bbox 148 1925 1554 1988; baseline -0.001 -18"><span class='ocrx_word' id='word_1_157' title='bbox 148 1935 352 1988; x_wconf 88' lang='lat' dir='ltr'><strong>patrono</strong></span> <span class='ocrx_word' id='word_1_158' title='bbox 375 1925 576 1974; x_wconf 86' lang='lat' dir='ltr'><strong>fideliter</strong></span> <span class='ocrx_word' id='word_1_159' title='bbox 594 1926 800 1974; x_wconf 79' lang='lat' dir='ltr'><strong>devovit.</strong></span> <span class='ocrx_word' id='word_1_160' title='bbox 823 1926 984 1973; x_wconf 84' lang='lat' dir='ltr'><strong>Gratia</strong></span> <span class='ocrx_word' id='word_1_161' title='bbox 1006 1927 1090 1973; x_wconf 89' lang='lat' dir='ltr'><strong>Dei</strong></span> <span class='ocrx_word' id='word_1_162' title='bbox 1108 1925 1417 1972; x_wconf 88' lang='lat' dir='ltr'><strong>Willermum</strong></span> <span class='ocrx_word' id='word_1_163' title='bbox 1438 1941 1554 1987; x_wconf 87' lang='lat' dir='ltr'><strong>pue-</strong></span> 
     </span>
     <span class='ocr_line' id='line_1_24' title="bbox 151 2001 1553 2065; baseline -0.002 -17"><span class='ocrx_word' id='word_1_164' title='bbox 151 2020 259 2048; x_wconf 89' lang='lat' dir='ltr'><strong>rum</strong></span> <span class='ocrx_word' id='word_1_165' title='bbox 278 2001 416 2050; x_wconf 85' lang='lat' dir='ltr'><strong>bonis</strong></span> <span class='ocrx_word' id='word_1_166' title='bbox 436 2003 647 2051; x_wconf 89' lang='lat' dir='ltr'><strong>moribus</strong></span> <span class='ocrx_word' id='word_1_167' title='bbox 665 2004 932 2061; x_wconf 81' lang='lat' dir='ltr'><strong>adornavit,</strong></span> <span class='ocrx_word' id='word_1_168' title='bbox 957 2014 1002 2051; x_wconf 89' lang='lat' dir='ltr'><strong>et</strong></span> <span class='ocrx_word' id='word_1_169' title='bbox 1028 2004 1077 2050; x_wconf 87' lang='lat' dir='ltr'><strong>in</strong></span> <span class='ocrx_word' id='word_1_170' title='bbox 1096 2003 1235 2050; x_wconf 90' lang='lat' dir='ltr'><strong>bonis</strong></span> <span class='ocrx_word' id='word_1_171' title='bbox 1256 2001 1419 2048; x_wconf 91' lang='lat' dir='ltr'><strong>studiis</strong></span> <span class='ocrx_word' id='word_1_172' title='bbox 1440 2001 1553 2065; x_wconf 75' lang='lat' dir='ltr'><strong>vigi-</strong></span> 
     </span>
     <span class='ocr_line' id='line_1_25' title="bbox 152 2081 1552 2148; baseline -0.001 -22"><span class='ocrx_word' id='word_1_173' title='bbox 152 2081 328 2128; x_wconf 84' lang='lat' dir='ltr'><strong>lantem</strong></span> <span class='ocrx_word' id='word_1_174' title='bbox 351 2082 524 2138; x_wconf 81' lang='lat' dir='ltr'><strong>effecit3</strong></span> <span class='ocrx_word' id='word_1_175' title='bbox 551 2083 675 2129; x_wconf 87' lang='lat' dir='ltr'><strong>unde</strong></span> <span class='ocrx_word' id='word_1_176' title='bbox 698 2101 722 2129; x_wconf 86' lang='lat' dir='ltr'><strong>a</strong></span> <span class='ocrx_word' id='word_1_177' title='bbox 741 2083 946 2148; x_wconf 83' lang='lat' dir='ltr'><strong>praelatis</strong></span> <span class='ocrx_word' id='word_1_178' title='bbox 968 2083 1061 2129; x_wconf 91' lang='lat' dir='ltr'><strong>suis</strong></span> <span class='ocrx_word' id='word_1_179' title='bbox 1084 2082 1343 2147; x_wconf 80' lang='lat' dir='ltr'><strong>Gregorius</strong></span> <span class='ocrx_word' id='word_1_180' title='bbox 1368 2097 1552 2145; x_wconf 81' lang='lat' dir='ltr'><strong>cogno-</strong></span> 
     </span>
     <span class='ocr_line' id='line_1_26' title="bbox 152 2156 1553 2224; baseline -0.001 -21"><span class='ocrx_word' id='word_1_181' title='bbox 152 2158 323 2203; x_wconf 85' lang='lat' dir='ltr'><strong>minari</strong></span> <span class='ocrx_word' id='word_1_182' title='bbox 342 2159 532 2205; x_wconf 87' lang='lat' dir='ltr'><strong>meruit.</strong></span> <span class='ocrx_word' id='word_1_183' title='bbox 556 2160 643 2205; x_wconf 91' lang='lat' dir='ltr'><strong>Hic</strong></span> <span class='ocrx_word' id='word_1_184' title='bbox 671 2160 721 2205; x_wconf 89' lang='lat' dir='ltr'><strong>in</strong></span> <span class='ocrx_word' id='word_1_185' title='bbox 744 2160 924 2224; x_wconf 82' lang='lat' dir='ltr'><strong>gremio</strong></span> <span class='ocrx_word' id='word_1_186' title='bbox 950 2169 1121 2206; x_wconf 83' lang='lat' dir='ltr'><strong>sanctae</strong></span> <span class='ocrx_word' id='word_1_187' title='bbox 1146 2159 1309 2205; x_wconf 82' lang='lat' dir='ltr'><strong>matris</strong></span> <span class='ocrx_word' id='word_1_188' title='bbox 1331 2156 1553 2203; x_wconf 84' lang='lat' dir='ltr'><strong>Ecclesiae</strong></span> 
     </span>
     <span class='ocr_line' id='line_1_27' title="bbox 153 2234 1554 2298; baseline -0.001 -19"><span class='ocrx_word' id='word_1_189' title='bbox 153 2234 402 2298; x_wconf 82' lang='lat' dir='ltr'><strong>diligenter</strong></span> <span class='ocrx_word' id='word_1_190' title='bbox 434 2235 680 2293; x_wconf 88' lang='lat' dir='ltr'><strong>educatus,</strong></span> <span class='ocrx_word' id='word_1_191' title='bbox 713 2246 759 2284; x_wconf 88' lang='lat' dir='ltr'><strong>et</strong></span> <span class='ocrx_word' id='word_1_192' title='bbox 790 2237 989 2283; x_wconf 90' lang='lat' dir='ltr'><strong>omnino</strong></span> <span class='ocrx_word' id='word_1_193' title='bbox 1021 2254 1044 2282; x_wconf 88' lang='lat' dir='ltr'><strong>a</strong></span> <span class='ocrx_word' id='word_1_194' title='bbox 1076 2235 1242 2281; x_wconf 90' lang='lat' dir='ltr'><strong>mundi</strong></span> <span class='ocrx_word' id='word_1_195' title='bbox 1279 2234 1480 2297; x_wconf 88' lang='lat' dir='ltr'><strong>strepitu</strong></span> <span class='ocrx_word' id='word_1_196' title='bbox 1507 2242 1554 2278; x_wconf 81' lang='lat' dir='ltr'><strong>et</strong></span> 
     </span>
     <span class='ocr_line' id='line_1_28' title="bbox 156 2308 1552 2377; baseline -0.002 -22"><span class='ocrx_word' id='word_1_197' title='bbox 156 2311 328 2357; x_wconf 86' lang='lat' dir='ltr'><strong>carnali</strong></span> <span class='ocrx_word' id='word_1_198' title='bbox 353 2312 467 2358; x_wconf 88' lang='lat' dir='ltr'><strong>luxu</strong></span> <span class='ocrx_word' id='word_1_199' title='bbox 489 2313 729 2373; x_wconf 87' lang='lat' dir='ltr'><strong>remotus,</strong></span> <span class='ocrx_word' id='word_1_200' title='bbox 760 2314 864 2360; x_wconf 90' lang='lat' dir='ltr'><strong>utili</strong></span> <span class='ocrx_word' id='word_1_201' title='bbox 897 2314 1119 2371; x_wconf 87' lang='lat' dir='ltr'><strong>scientia,</strong></span> <span class='ocrx_word' id='word_1_202' title='bbox 1146 2330 1253 2377; x_wconf 86' lang='lat' dir='ltr'><strong>quae</strong></span> <span class='ocrx_word' id='word_1_203' title='bbox 1286 2308 1552 2374; x_wconf 89' lang='lat' dir='ltr'><strong>hujusmodi</strong></span> 
     </span>
     <span class='ocr_line' id='line_1_29' title="bbox 156 2384 1554 2455; baseline -0.004 -21"><span class='ocrx_word' id='word_1_204' title='bbox 156 2387 373 2434; x_wconf 85' lang='lat' dir='ltr'><strong>Ecclesiae</strong></span> <span class='ocrx_word' id='word_1_205' title='bbox 390 2387 496 2435; x_wconf 88' lang='lat' dir='ltr'><strong>filiis</strong></span> <span class='ocrx_word' id='word_1_206' title='bbox 513 2390 713 2437; x_wconf 85' lang='lat' dir='ltr'><strong>maxime</strong></span> <span class='ocrx_word' id='word_1_207' title='bbox 731 2394 975 2455; x_wconf 85' lang='lat' dir='ltr'><strong>competit,</strong></span> <span class='ocrx_word' id='word_1_208' title='bbox 996 2389 1222 2436; x_wconf 89' lang='lat' dir='ltr'><strong>nobiliter</strong></span> <span class='ocrx_word' id='word_1_209' title='bbox 1238 2387 1415 2435; x_wconf 87' lang='lat' dir='ltr'><strong>floruit.</strong></span> <span class='ocrx_word' id='word_1_210' title='bbox 1434 2384 1554 2430; x_wconf 88' lang='lat' dir='ltr'><strong>Nam</strong></span> 
     </span>
     <span class='ocr_line' id='line_1_30' title="bbox 158 2462 1556 2531; baseline -0.005 -19"><span class='ocrx_word' id='word_1_211' title='bbox 158 2465 334 2529; x_wconf 88' lang='lat' dir='ltr'><strong>peritus</strong></span> <span class='ocrx_word' id='word_1_212' title='bbox 364 2464 513 2512; x_wconf 79' lang='lat' dir='ltr'><strong>lector</strong></span> <span class='ocrx_word' id='word_1_213' title='bbox 544 2466 636 2511; x_wconf 88' lang='lat' dir='ltr'><strong>fuit</strong></span> <span class='ocrx_word' id='word_1_214' title='bbox 666 2477 712 2514; x_wconf 88' lang='lat' dir='ltr'><strong>et</strong></span> <span class='ocrx_word' id='word_1_215' title='bbox 742 2479 925 2525; x_wconf 87' lang='lat' dir='ltr'><strong>cantor,</strong></span> <span class='ocrx_word' id='word_1_216' title='bbox 958 2467 1316 2531; x_wconf 74' lang='lat' dir='ltr'><strong>praecipuusque</strong></span> <span class='ocrx_word' id='word_1_217' title='bbox 1352 2462 1556 2525; x_wconf 85' lang='lat' dir='ltr'><strong>scriptor</strong></span> 
     </span>
     <span class='ocr_line' id='line_1_31' title="bbox 158 2537 1556 2606; baseline -0.002 -19"><span class='ocrx_word' id='word_1_218' title='bbox 158 2551 205 2587; x_wconf 85' lang='lat' dir='ltr'><strong>et</strong></span> <span class='ocrx_word' id='word_1_219' title='bbox 232 2540 466 2588; x_wconf 88' lang='lat' dir='ltr'><strong>librorum</strong></span> <span class='ocrx_word' id='word_1_220' title='bbox 500 2541 806 2590; x_wconf 86' lang='lat' dir='ltr'><strong>illuminator.</strong></span> <span class='ocrx_word' id='word_1_221' title='bbox 834 2544 985 2606; x_wconf 87' lang='lat' dir='ltr'><strong>Opera</strong></span> <span class='ocrx_word' id='word_1_222' title='bbox 1015 2559 1240 2589; x_wconf 88' lang='lat' dir='ltr'><strong>manuum</strong></span> <span class='ocrx_word' id='word_1_223' title='bbox 1270 2541 1365 2603; x_wconf 84' lang='lat' dir='ltr'><strong>ejus</strong></span> <span class='ocrx_word' id='word_1_224' title='bbox 1397 2538 1453 2584; x_wconf 87' lang='lat' dir='ltr'><strong>ad</strong></span> <span class='ocrx_word' id='word_1_225' title='bbox 1486 2537 1556 2584; x_wconf 88' lang='lat' dir='ltr'><strong>le-</strong></span> 
     </span>
    </p>
   </div>
   <div class='ocr_carea' id='block_1_3' title="bbox 206 2705 851 2752">
    <p class='ocr_par' dir='ltr' id='par_1_4' title="bbox 206 2705 851 2752">
     <span class='ocr_line' id='line_1_32' title="bbox 206 2705 851 2752; baseline -0.006 -10"><span class='ocrx_word' id='word_1_226' title='bbox 206 2706 255 2747; x_wconf 72' lang='lat'><strong>(1)</strong></span> <span class='ocrx_word' id='word_1_227' title='bbox 276 2705 851 2752; x_wconf 68' lang='lat' dir='ltr'><strong>Saint-Aquilin-dcs-Augei-ons⁴</strong></span> 
     </span>
    </p>
   </div>
  </div>
 </body>
</html>
