1951 3194
440 317 518 353 :390
798 317 1041 355 HISTORIA
1071 316 1470 358 ECCLESIASTICA.
1573 325 1845 376 [1079-1087]

438 405 627 441 verunt.
655 395 831 458 Regina
853 405 900 441 et
925 395 1063 460 legati
1085 397 1205 461 regis
1224 397 1518 446 Francorum
1531 434 1544 456 ,
1570 401 1848 469 nobilesque

436 471 579 516 vicini
601 481 647 516 et
669 471 806 517 amici
831 471 888 518 ad
912 473 1333 536 compaginandam
1353 492 1514 538 pacem
1535 490 1844 525 accesserunt.

438 547 649 595 Tandem
667 548 806 597 fortis
825 551 1044 615 princeps
1066 560 1308 597 tantorum
1326 552 1576 599 assultibus
1594 565 1846 620 magnato-

434 642 543 670 rum
568 627 733 682 cessit,
766 638 813 674 et
845 645 900 674 ex
936 628 1110 691 pietate
1140 628 1292 674 victus
1327 628 1541 677 sobolem
1577 648 1708 677 suam
1739 649 1848 678 cum

435 702 625 767 collegis
649 705 742 750 suis
765 706 960 768 recepit.
980 706 1289 753 Normanniae
1306 724 1498 772 quoque
1521 707 1769 767 ducatum,
1791 710 1850 755 si-

435 790 516 825 cut
548 780 664 827 olim
688 782 812 847 apud
835 783 1217 831 Villam-Bonam
1243 785 1312 847 (1)
1339 802 1464 850 aeger
1490 797 1783 834 concesserat
1807 788 1848 834 ei

432 868 543 921 post
563 858 750 906 obitum
774 878 936 917 suum,
964 878 1094 907 nunc
1118 862 1291 907 iterum
1313 861 1434 909 facta
1457 863 1850 928 recapitulatione

433 938 663 984 concessit
681 938 968 1001 optimatum
990 938 1213 984 consultu
1236 955 1449 985 suorum.
1476 941 1594 988 Pace
1618 941 1849 987 nimirum

432 1027 646 1078 peracta,
683 1016 949 1062 Normanni
983 1026 1031 1062 et
1057 1017 1468 1064 Cenomannenses
1493 1018 1671 1083 oppido
1706 1018 1849 1084 gavisi

435 1102 571 1147 sunt,
600 1093 682 1156 qui
707 1092 988 1155 jamdudum
1011 1092 1186 1139 bellico
1216 1091 1377 1140 labore
1410 1112 1495 1158 per
1518 1095 1676 1159 plures
1701 1112 1850 1142 annos

434 1169 740 1217 vehementer
763 1171 916 1217 attriti
941 1180 1070 1217 sunt.
1107 1171 1342 1217 Serenitas
1376 1172 1501 1235 pacis
1532 1172 1614 1219 diu
1637 1173 1850 1238 quaesitae

433 1247 559 1294 inter
575 1266 734 1313 regem
754 1259 800 1297 et
817 1250 971 1296 filium
989 1253 1085 1314 ejus
1104 1249 1319 1297 celeriter
1334 1248 1613 1297 obnubilata
1632 1261 1717 1298 est.
1739 1251 1853 1297 Pro-

433 1336 592 1373 tervus
618 1328 747 1374 enim
765 1329 952 1392 juvenis
978 1339 1161 1392 patrem
1197 1329 1353 1393 sequi,
1376 1328 1448 1375 vel
1479 1329 1518 1375 ei
1556 1328 1748 1376 obedire
1771 1328 1852 1375 de-

433 1403 651 1467 dignatus
668 1417 754 1453 est.
776 1406 1029 1454 Animosus
1051 1423 1164 1453 vero
1186 1406 1406 1470 princeps
1425 1405 1488 1454 ob
1506 1407 1739 1471 ignaviam
1755 1407 1852 1469 ejus

437 1480 615 1528 crebris
640 1500 749 1530 eum
776 1482 1192 1549 redargutionibus
1217 1494 1262 1530 et
1287 1483 1512 1531 conviciis
1535 1484 1690 1548 palam
1722 1484 1852 1546 inju—

436 1559 585 1606 riatus
614 1571 699 1607 est.
735 1561 873 1608 Unde
895 1561 1053 1609 denuo
1077 1572 1186 1626 post
1218 1561 1412 1627 aliquod
1445 1572 1656 1626 tempus,
1693 1561 1851 1626 paucis

437 1634 672 1682 sodalibus
691 1637 860 1695 fretus,
881 1656 905 1683 a
923 1649 1056 1702 patre
1072 1640 1262 1685 recessit
1284 1639 1374 1703 (2),
1397 1657 1484 1686 nec
1500 1649 1660 1703 postea
1679 1638 1846 1695 rediit3

435 1712 587 1761 donec
603 1725 736 1779 pater
752 1717 960 1763 moriens
978 1717 1253 1763 Albericum
1273 1717 1496 1763 comitem
1515 1718 1606 1781 (ὅ),
1628 1728 1682 1763 ut
1701 1718 1850 1762 duca-

437 1801 539 1836 tum
562 1792 798 1840 Neustriae
822 1795 1079 1858 reciperet,
1108 1795 1156 1840 in
1182 1793 1385 1840 Galliam
1408 1794 1465 1840 ad
1489 1812 1597 1841 eum
1622 1793 1812 1840 direxit.

481 1988 529 2035 (1)
560 1990 605 2023 Lc
623 1996 720 2024 texte
737 1989 783 2024 de
800 1990 992 2024 Ducliesne
1015 1996 1119 2035 porte
1145 2005 1150 2023 :
1179 1989 1318 2023 Iuliam
1334 1988 1491 2023 Bonam.
1512 1989 1561 2023 La
1585 1988 1850 2024 ressemblance

435 2045 498 2080 des
525 2059 630 2081 nonis
656 2047 701 2082 de
729 2060 786 2082 ces
812 2047 903 2083 deux
925 2047 1129 2082 residences
1148 2047 1195 2081 de
1222 2059 1287 2081 nos
1314 2046 1403 2080 ducs
1427 2046 1478 2081 les
1503 2059 1522 2081 a
1552 2045 1617 2080 fait
1646 2057 1726 2080 sans
1753 2058 1851 2081 cesse

432 2105 590 2151 prendre
604 2106 701 2141 l⁷une
719 2119 813 2153 pour
829 2107 968 2141 l’autre.
988 2107 1018 2142 Il
1038 2120 1083 2141 en
1102 2113 1156 2142 est
1174 2107 1218 2142 de
1237 2107 1355 2142 meme
1370 2106 1432 2141 des
1450 2113 1552 2153 ports
1570 2106 1614 2142 de
1630 2106 1794 2141 Bai—fleur
1811 2113 1848 2141 et

433 2166 615 2200 Harsseur.

477 2224 527 2270 (2)
554 2225 655 2260 Nous
678 2238 723 2260 ne
742 2238 906 2273 pouvons
930 2226 1103 2274 indiquer
1120 2227 1286 2274 l’epoquc
1303 2226 1442 2272 precise
1460 2228 1480 2260 a
1498 2224 1653 2272 laquelle
1676 2224 1710 2258 le
1735 2225 1789 2259 roi
1809 2232 1847 2260 et

431 2296 495 2318 sou
516 2285 570 2319 fils
589 2298 625 2320 se
646 2286 888 2321 brouillerent
905 2286 950 2321 dc
969 2299 1133 2322 nouveau
1145 2315 1153 2330 ‚
1175 2287 1265 2321 mais
1280 2298 1320 2321 ce
1340 2299 1385 2321 ne
1399 2293 1467 2333 put
1482 2286 1560 2321 &tre
1578 2286 1745 2333 qu'apres
1758 2285 1845 2320 l’ex-

430 2344 596 2389 pedition
615 2345 870 2381 malheureuse
888 2345 933 2380 de
954 2346 1095 2382 Robert
1112 2359 1158 2382 en
1184 2338 1333 2389 Ecosoe,
1361 2346 1425 2393 qui
1444 2353 1508 2381 eut
1524 2346 1599 2381 lieu
1623 2357 1688 2391 par
1711 2344 1844 2380 l'ordre

429 2404 474 2438 de
487 2405 700 2441 Guillaume
719 2406 807 2441 dans
825 2406 1023 2442 l'automne
1037 2407 1082 2442 de
1107 2408 1203 2450 1080,
1221 2413 1258 2441 ct
1276 2406 1339 2453 qui
1358 2406 1522 2441 n’amena
1535 2406 1676 2440 d'autre
1692 2404 1844 2439 resultat

429 2476 500 2510 que
529 2464 562 2498 la
591 2466 753 2500 creation
785 2466 834 2500 du
864 2467 1016 2501 chateau
1050 2467 1094 2501 de
1126 2466 1598 2513 Newcastle-UpOn-Tyne.
1632 2465 1780 2511 D'apres
1808 2464 1841 2498 le

428 2524 557 2558 chiffl-e
574 2525 620 2559 de
638 2526 724 2573 cinq
741 2538 804 2560 ans
821 2527 964 2573 assigne
982 2526 1063 2573 plus
1079 2527 1169 2561 haut
1183 2539 1248 2573 par
1266 2533 1371 2560 notre
1385 2533 1515 2561 auteur
1528 2527 1546 2560 a
1562 2525 1659 2559 l’une
1677 2523 1739 2558 des
1753 2524 1841 2557 emi-

429 2584 590 2627 grations
606 2584 652 2619 dc
666 2585 806 2621 Robert
817 2614 825 2630 ‚
844 2598 893 2621 on
911 2593 1000 2633 pcut
1013 2599 1188 2633 supposer
1203 2599 1273 2634 que
1287 2598 1326 2621 ce
1345 2586 1472 2633 prince
1486 2587 1605 2634 quitta
1618 2585 1663 2619 de
1676 2595 1837 2618 nouveau

429 2640 461 2674 la
482 2641 706 2679 Ix'ormandie
722 2657 801 2679 vers
824 2645 923 2680 1082.

474 2698 524 2743 (5)
549 2701 714 2745 Alberic,
734 2704 1043 2738 anterieuremcnt
1056 2710 1175 2738 comte
1191 2704 1237 2738 dc
1252 2701 1603 2738 Northumberland.
1619 2700 1670 2735 Ce
1689 2711 1837 2745 person-

427 2769 529 2803 nage,
551 2760 637 2805 qu'il
656 2773 699 2794 ne
715 2763 793 2796 saut
812 2775 872 2809 pas
890 2763 1090 2797 consondrc
1104 2776 1185 2797 avec
1200 2764 1347 2797 Alboric
1364 2763 1408 2796 (le
1422 2763 1510 2799 Ver.
1532 2761 1604 2805 tige
1622 2759 1684 2793 des
1698 2766 1834 2794 comtes

426 2814 617 2860 ‹l'()xsor(l‚
640 2825 691 2851 cst
712 2819 780 2854 [οι-ι
805 2833 871 2865 peu
893 2833 1022 2854 connu.
1045 2822 1075 2854 Α
1096 2821 1260 2865 Ιἰ““,)ο(1ιι(·.
1281 2821 1325 2853 (lc
1343 2820 1371 2853 la
1389 2819 1590 2853 confectioni
1611 2818 1660 2852 (lu
1681 2819 1833 2853 Domes-
