1951 3194
274 275 349 315 134
636 274 881 313 HISTORIA
911 272 1317 311 ECCLESIASTICA.
1413 275 1686 325 [1066-1089]

270 356 545 421 degentium
565 355 796 419 sepelivit.
826 354 965 399 Tune
983 352 1069 399 filii
1095 354 1191 417 ejus
1215 353 1488 401 Otmundus
1505 354 1562 402 de
1581 354 1688 401 Cal-

270 435 483 482 vimonte
497 434 572 498 (1)
588 444 634 480 et
645 434 819 480 Wazso
836 432 894 479 de
912 432 1084 478 Pexeio
1099 431 1171 495 (2)
1187 441 1233 478 et
1254 431 1514 479 Rotbertus
1528 432 1689 479 Belva-

269 512 418 557 censis
441 521 780 557 concesserunt
798 509 973 556 Sancto
988 508 1198 556 Ebrulfo
1214 509 1372 555 omnia
1386 544 1398 565 ,
1420 527 1527 573 quae
1547 526 1688 573 supra

267 589 517 636 retulimus
539 588 643 635 data
668 606 764 636 esse
783 587 842 635 ab
865 588 1239 635 antecessoribus
1263 604 1431 635 eorum
1443 623 1457 644 ,
1475 588 1550 634 vel
1568 604 1688 634 con-

267 683 406 713 cessa.

330 745 537 792 Ecclesia
591 745 749 810 itaque
791 744 849 792 de
892 745 1057 791 Parnis
1099 742 1402 790 Uticensibus
1445 741 1691 791 monachis

266 821 512 869 commissa
543 832 635 879 est,
666 839 774 886 quee
803 821 851 868 in
881 821 1065 868 honore
1093 820 1141 866 S.
1169 821 1367 867 Martini
1394 820 1690 867 Turonensis

264 899 587 963 metropolitae
627 899 893 963 antiquitus
934 908 1207 945 constructa
1247 908 1317 944 est
1336 932 1349 953 ‚
1391 897 1474 943 ubi
1516 913 1689 960 corpus

265 982 310 1023 S.
343 977 512 1024 Judoci
551 976 835 1024 confessoris
876 976 1052 1022 Christi
1094 977 1162 1038 (Ξ)
1193 974 1378 1040 jamdiu
1413 984 1689 1021 reverenter

267 1066 506 1103 servatum
533 1065 618 1102 est.
641 1055 757 1115 Quis
783 1054 858 1101 vel
883 1054 1009 1101 unde
1032 1053 1180 1100 fuerit
1210 1053 1314 1111 iste,
1338 1051 1550 1098 breviter
1570 1052 1688 1098 inse-

266 1152 369 1180 ram
395 1133 505 1180 huic
530 1133 751 1180 relationi
779 1142 986 1186 nostrae,
1012 1131 1243 1178 veraciter
1274 1128 1536 1176 hauriendo
1560 1146 1691 1194 quee-

265 1212 374 1258 dam
392 1212 449 1258 de
468 1212 711 1258 volumine
731 1213 911 1275 scripto
934 1210 992 1257 de
1009 1219 1166 1256 sancta
1187 1211 1285 1273 ejus
1309 1208 1685 1255 conversatione.

332 1289 465 1335 XIII.
490 1288 647 1351 (Circa
664 1288 803 1352 650.)
824 1290 991 1335 Beatus
1007 1288 1033 1333 J
1037 1287 1214 1333 udocus
1227 1322 1240 1344 ,
1264 1287 1290 1332 J
1295 1285 1443 1332 uthail
1457 1285 1579 1350 regis
1592 1286 1690 1331 Bri-

269 1378 441 1413 tonum
463 1366 615 1425 filius,
645 1377 694 1414 et
717 1367 866 1414 frater
888 1367 914 1412 J
920 1365 1086 1412 udieail
1107 1365 1228 1430 regis
1252 1365 1326 1428 (4)
1342 1400 1355 1421 ,
1384 1363 1498 1410 dum
1530 1363 1586 1409 ad
1615 1380 1689 1410 re-

267 1462 415 1508 gnum
427 1444 694 1509 petebatur,
712 1444 890 1492 relictis
907 1444 1077 1490 litteris
1093 1461 1207 1508 quas
1222 1441 1345 1507 apud
1360 1441 1691 1488 Lanmailmon

268 1521 498 1580 discebat,
529 1540 638 1568 cum
662 1539 711 1568 ΧΙ
734 1521 997 1586 peregrinis
1021 1521 1224 1567 Romam
1250 1517 1474 1567 euntibus
1495 1535 1692 1583 peregre

271 1598 514 1663 profectus
540 1610 624 1647 est.
654 1601 825 1647 Haimo
858 1610 1016 1646 autem
1035 1598 1229 1646 Pontivi
1253 1597 1351 1644 dux
1373 1596 1532 1645 obiter
1553 1614 1687 1653 eum,

267 1695 412 1742 quem
431 1677 643 1725 nobilem
667 1689 891 1735 noverat,
921 1677 1150 1733 detinuit,
1178 1675 1363 1741 sibique
1394 1674 1692 1739 capellanum

266 1753 603 1819 presbyterum
623 1755 834 1803 ordinari
850 1754 981 1802 fecit.
1002 1754 1116 1801 Post
1129 1771 1278 1800 annos
1291 1769 1406 1800 vero
1420 1763 1599 1816 septem
1612 1752 1639 1797 J
1642 1769 1692 1797 u-

268 1831 414 1878 docus
442 1833 490 1878 in
514 1832 709 1881 heremo
735 1831 866 1879 Braic
887 1832 958 1897 (5)
980 1831 1034 1878 ad
1054 1832 1213 1878 rivum
1230 1830 1397 1877 Alteiae
1417 1839 1529 1876 octo
1554 1828 1690 1875 annis

268 1909 369 1955 Deo
386 1910 598 1967 servivit,
614 1909 696 1956 ubi
711 1927 815 1957 aves
832 1909 1002 1956 diversi
1020 1908 1206 1974 generis
1222 1918 1267 1955 et
1282 1907 1533 1971 pisciculos
1546 1921 1692 1952 manu

269 2002 349 2031 sua
382 1987 514 2033 velut
541 1999 782 2036 mansueta
819 2005 988 2052 pecora
1023 1986 1258 2052 pascebat.
1290 1988 1384 2032 Pro
1419 2002 1517 2032 uno
1544 2001 1689 2048 pane,

314 2189 364 2233 (1)
390 2189 496 2223 Cette
512 2188 724 2236 genealogie
744 2190 836 2224 n'est
850 2202 913 2237 pas
933 2189 1102 2224 d'accord
1120 2202 1203 2224 avec
1225 2189 1314 2224 celle
1333 2188 1444 2236 qu'on
1458 2194 1586 2222 trouve
1600 2186 1689 2221 dans

270 2248 301 2282 lc
321 2249 408 2295 pere
425 2248 616 2293 Anselme,
640 2262 696 2292 Vl,
719 2252 773 2291 42.

315 2310 366 2350 (2)
392 2307 522 2341 Poissi.

315 2366 364 2413 (5)
390 2367 495 2402 Saint
510 2368 631 2410 Josse,
658 2367 781 2414 preti-e
807 2374 844 2401 et
868 2367 1088 2401 confesseur.
1110 2365 1172 2401 On
1191 2365 1290 2412 place
1319 2376 1355 2399 sa
1380 2371 1478 2399 mort
1501 2364 1535 2398 le
1557 2362 1598 2398 13
1625 2363 1689 2398 de-

268 2426 432 2470 cembre,
455 2439 534 2461 vers
551 2425 633 2461 668.
663 2426 725 2461 On
749 2433 894 2469 trouve,
921 2426 1010 2460 dans
1033 2425 1083 2460 les
1101 2425 1199 2460 Acta
1219 2425 1289 2459 SS.
1311 2424 1391 2459 ord.
1415 2424 1453 2458 S.
1474 2422 1685 2465 Benedicti,

268 2498 351 2519 soec.
376 2498 417 2529 11,
439 2498 512 2520 une
527 2486 583 2520 vie
605 2485 650 2520 de
672 2499 712 2521 ce
729 2486 824 2521 saint
841 2485 922 2533 plus
936 2485 1113 2520 ancienne
1132 2492 1167 2519 et
1187 2484 1267 2531 plus
1282 2483 1468 2528 detaillee‚
1486 2482 1548 2530 qui
1570 2481 1688 2528 parait

268 2547 367 2579 avoir
386 2547 478 2581 servi
500 2546 545 2582 de
564 2546 649 2581 base
665 2559 711 2581 au
727 2547 820 2581 recit
834 2546 967 2593 abrege'
985 2545 1031 2580 de
1048 2552 1153 2580 notre
1172 2552 1312 2580 auteur.

313 2604 364 2649 (4)
388 2605 536 2640 Juthael
551 2617 598 2640 ou
614 2606 706 2641 Hoel
721 2607 777 2640 III
788 2634 796 2649 ,
816 2612 914 2641 mort
932 2617 978 2640 en
994 2604 1077 2639 602.
1090 2604 1307 2639 ——Judicael
1322 2615 1386 2638 son
1402 2602 1454 2636 fils
1468 2599 1626 2646 abdiqua
1640 2611 1685 2634 en

266 2662 333 2698 658
351 2672 389 2699 et
406 2674 556 2701 mourut
569 2680 614 2702 en
632 2668 748 2703 odeur
766 2667 811 2702 de
829 2667 984 2701 saintet&
999 2664 1032 2701 le
1054 2677 1074 2712 7
1093 2663 1285 2699 decembre
1303 2662 1386 2698 658.

311 2722 361 2767 (5)
388 2724 448 2759 On
471 2738 579 2771 pense
593 2740 662 2774 que
679 2728 764 2763 c’est
780 2727 811 2762 lc
830 2727 901 2761 lieu
918 2727 1011 2762 situe
1025 2738 1087 2761 sur
1104 2726 1238 2762 l’Autic
1250 2753 1258 2767 ‚
1276 2724 1337 2771 qui
1358 2719 1524 2767 s’appellc
1539 2718 1685 2764 aujour-

262 2780 366 2817 <thui
388 2784 430 2817 La
454 2784 572 2819 Broio,
