1951 3194
71 220 338 269 [1075-1086]
560 218 712 257 LIBER
741 218 984 267 QUINTUS.
1406 220 1477 256 301

69 298 230 346 cennis
252 296 514 362 Angligena
541 298 631 344 huc
657 297 906 355 advectus,
929 295 1249 361 barbarusque
1273 305 1320 342 et
1345 296 1484 359 igno-

70 391 144 425 tus
169 379 344 425 advena
371 378 651 426 callentibus
673 379 907 444 indigenis
932 378 1194 434 admixtus,
1223 378 1486 441 inspirante

69 458 168 504 Deo
192 456 588 504 Normannorum
617 467 743 521 gesta
769 467 815 503 et
839 467 1035 503 eventus
1057 455 1348 503 Normannis
1374 474 1486 520 pro-

69 553 199 582 mere
223 536 403 599 scripto
428 552 533 582 sum
560 545 774 582 conatus.
801 535 903 580 Jam
937 535 1055 581 duos
1089 534 1354 598 opitulante
1387 535 1487 582 Deo

69 613 256 661 libellos
282 613 404 660 edidi
435 614 508 676 (ι)
522 648 535 670 ,
562 612 735 678 quibus
759 611 816 659 de
837 613 1137 676 reparatione
1164 612 1283 658 sedis
1306 622 1485 660 nostrae

70 703 117 739 et
139 691 196 739 de
226 691 380 738 tribus
412 690 662 737 abbatibus
684 691 890 746 nostris,
921 707 1030 735 cum
1057 689 1339 754 quibusdam
1366 691 1487 737 casi-

69 769 158 815 bus
191 769 420 832 temporis
458 768 584 814 illius
621 767 833 815 breviter
870 767 1072 823 inserui,
1105 768 1334 814 veraciter
1374 768 1488 815 alle-

69 864 212 911 gans,
247 856 394 910 prout
419 845 479 891 ab
511 846 701 892 annosis
734 842 1000 891 senioribus
1034 843 1286 909 diligenter
1318 845 1488 909 exqui-

71 927 174 972 sivi.
197 924 384 972 Amodo
409 925 605 971 tertium
624 922 683 969 ab
705 940 833 970 anno
859 923 1200 970 incarnationis
1224 923 1488 970 Dominicae

69 1012 125 1049 Μο
155 1011 268 1048 Lxx⁰
293 1012 343 1048 v⁰
381 1000 598 1048 libellum
633 1000 869 1057 exordiar,
914 1011 961 1047 et
997 1000 1054 1047 de
1089 998 1258 1046 abbate
1296 1017 1402 1046 meo
1434 1018 1486 1046 ac

69 1081 281 1127 Uticensi
307 1081 538 1127 concione
568 1090 615 1126 et
638 1079 694 1126 de
717 1078 857 1126 rebus
883 1096 968 1143 per
998 1095 1065 1124 xil
1091 1096 1240 1126 annos
1269 1098 1278 1123 :
1309 1078 1487 1125 scilicet

71 1175 220 1222 usque
257 1157 314 1203 ad
349 1157 594 1205 Guillelmi
622 1157 744 1222 regis
778 1156 991 1212 obitum,
1027 1157 1168 1221 gestis
1204 1156 1418 1221 eloquar.
1448 1157 1488 1202 A

70 1234 272 1299 praefato
292 1253 464 1298 nempe
486 1252 615 1282 anno
634 1235 786 1299 placet
808 1233 1031 1281 inchoare
1054 1251 1260 1298 praesens
1284 1251 1491 1298 opuscu-

71 1311 171 1357 lum
185 1348 198 1368 ,
220 1329 318 1377 quo
342 1312 390 1357 in
407 1310 528 1357 hanc
547 1311 702 1359 lucen]
720 1322 770 1357 x⁰
787 1316 855 1357 1v⁰
869 1311 961 1359 kal.
983 1311 1140 1356 martii
1156 1311 1226 1373 (2)
1249 1328 1321 1356 ma
1331 1310 1412 1355 tris
1431 1328 1486 1356 ex

71 1401 209 1437 utero
234 1390 456 1453 profusus
482 1408 585 1436 sum
601 1426 614 1447 ‚
643 1388 930 1455 sabbatoque
954 1389 1192 1454 sequentis
1214 1388 1401 1435 Paschae
1418 1389 1486 1452 (5)

72 1467 197 1531 apud
225 1467 557 1532 Ettingesham
588 1469 638 1514 in
670 1467 858 1515 ecclesia
890 1468 1037 1513 sancti
1070 1468 1220 1513 Eattae
1250 1465 1487 1512 confesso-

71 1545 135 1590 ris
152 1546 244 1609 (4),
264 1563 372 1610 quae
386 1546 472 1592 sita
494 1556 562 1593 est
579 1563 718 1610 super
737 1544 984 1591 Sabrinam
1003 1543 1202 1590 fluvium
1221 1562 1306 1608 per
1321 1544 1486 1589 minis-

73 1622 245 1667 terium
260 1622 445 1669 Ordrici
463 1622 715 1669 sacerdotis
728 1639 859 1669 sacro
876 1621 1012 1669 fonte
1029 1632 1221 1667 renatus
1235 1638 1355 1666 sum.
1374 1620 1486 1666 Post

72 1699 456 1764 quinquennium
475 1699 684 1747 Siwardo
709 1698 861 1747 nobili
882 1699 1164 1764 presbytero
1186 1699 1359 1745 litteris
1383 1715 1486 1744 eru-

72 1776 268 1823 diendus
309 1795 333 1823 a
372 1779 587 1841 genitore
626 1778 825 1825 traditus
864 1795 968 1824 sum
984 1814 996 1833 ,
1042 1780 1172 1841 cujus
1214 1776 1485 1842 magisterio

73 1855 225 1915 prima
254 1855 518 1917 percipiens
547 1854 813 1901 rudimenta
848 1856 1060 1918 quinque
1094 1854 1229 1899 annis
1261 1853 1487 1918 subjuga—

78 1942 150 1976 tus
170 1948 289 1977 sum.
310 1932 575 1978 Undecimo
595 1942 753 1978 autem
771 1932 920 1978 aetatis
939 1949 1056 1978 meae
1073 1948 1199 1978 anno
1217 1948 1306 1994 pro
1326 1948 1487 1977 amore

78 2130 110 2164 la
129 2130 301 2174 Saverne‚
328 2131 416 2165 <lans
439 2132 471 2166 le
498 2132 738 2179 Shropshire,
769 2135 789 2166 ii
812 2131 832 2166 5
859 2131 974 2165 milles
999 2130 1044 2165 (16
1067 2130 1320 2175 Shrewsbury,
1353 2142 1413 2163 sur
1437 2129 1486 2163 les

78 2192 215 2226 confins
234 2192 279 2226 de
300 2192 332 2226 la
359 2193 494 2226 Mercie
517 2200 553 2226 et
582 2192 631 2226 du
656 2205 740 2239 pays
764 2192 808 2226 de
828 2191 968 2233 Galles,
995 2191 1028 2225 le
1052 2204 1089 2239 ¹7
1108 2191 1238 2225 fevrier
1267 2189 1365 2238 1075.
1388 2190 1488 2223 Nous

78 2262 185 2285 avons
207 2263 253 2285 vu
275 2263 346 2297 que
369 2263 434 2285 son
457 2253 541 2298 pere
561 2253 648 2286 etait
672 2264 765 2285 venu
784 2251 929 2285 habiter
953 2249 1194 2295 Shrewshury
1221 2251 1240 2282 a
1264 2248 1295 2282 la
1322 2248 1416 2282 suite
1442 2247 1487 2281 de

79 2308 202 2355 Roger
221 2309 265 2342 de
283 2310 578 2356 Montgomuieri.

125 2368 174 2412 (ι)
201 2367 314 2401 Notre
332 2374 461 2402 auteur
484 2376 568 2403 vent
591 2368 710 2415 parler
730 2368 776 2402 ici
792 2367 841 2401 du
858 2367 1041 2402 troisieme
1055 2374 1091 2401 et
1109 2366 1158 2400 du
1177 2365 1381 2412 quatricme
1401 2363 1489 2398 livre

80 2426 125 2460 de
145 2438 209 2461 son
226 2438 400 2473 ouvrage3
421 2440 460 2461 ce
476 2428 539 2474 qui
555 2440 690 2474 prouve
712 2440 782 2475 que
800 2428 832 2462 le
850 2428 1009 2474 premier
1028 2434 1064 2461 et
1081 2427 1113 2461 le
1130 2426 1321 2460 deuxieme
1340 2431 1421 2458 sont
1439 2436 1488 2458 un

81 2486 325 2532 coinplenient
344 2486 464 2532 ajoute
482 2489 584 2533 apres
603 2500 708 2534 coup.

126 2546 175 2590 (2)
198 2545 245 2579 Le
267 2544 308 2579 16
326 2557 432 2579 mars.

128 2604 177 2651 (5)
200 2606 246 2639 Le
263 2605 397 2639 samedi
417 2605 462 2639 (le
481 2605 513 2639 la
534 2607 690 2640 semaiae
709 2606 753 2640 dc
773 2607 930 2651 Pziques,
960 2619 992 2639 ιι
1019 2605 1115 2639 avril.

129 2665 177 2708 (4)
204 2666 342 2711 quez,
370 2678 430 2698 sur
458 2677 495 2697 cc
524 2666 614 2699 caint
645 2666 777 2711 prela's,
809 2666 855 2697 {vs
885 2666 979 2697 Acta
1009 2665 1074 2698 SS,
1103 2663 1181 2697 ordi
1215 2663 1250 2696 S>
1284 2660 1485 2699 Benct‘lt'clz',

91 2737 168 2758 saec.
192 2737 247 2763 ιιι,
271 2726 310 2759 Ρ.
332 2739 358 2769 1,
380 2739 414 2771 p.
430 2738 505 2758 2³:21⁴
