1951 3194
466 305 543 343 ⁶234
828 305 1070 342 HISTORIA
1102 306 1504 347 ECCLESIASTICA.
1603 314 1726 360 [cmm
1756 315 1871 363 1100]

465 385 660 447 accepit.
695 383 923 429 Praefatus
947 383 1253 448 archipraesul
1277 386 1515 434 ecclesiam
1538 387 1624 434 sibi
1652 391 1875 437 commis-

463 479 560 507 sam
581 460 663 506 diu
686 462 831 516 rexit,
859 472 905 507 et
929 461 1198 525 apostolicis
1227 464 1482 529 privilegiis
1504 465 1562 512 ab
1586 468 1717 514 omni
1743 484 1875 515 mor-

465 539 630 584 talium
650 539 893 585 exactione
913 536 1035 585 liber
1051 538 1238 603 plausit.
1259 540 1451 588 Plehem
1468 542 1673 591 studiose
1691 543 1870 601 docuit,

462 616 643 663 meritis
662 627 708 662 et
725 616 1022 663 orationibus
1042 618 1275 681 protexit,
1295 630 1436 684 atque
1451 630 1559 684 post
1577 621 1753 669 multos
1770 639 1875 686 ago-

462 713 543 741 nes
570 695 617 739 in
645 694 878 741 virtutum
904 696 1137 742 exercitiis
1160 695 1217 741 ad
1236 697 1498 743 Dominum
1522 699 1838 762 perrexit(1).

528 772 653 818 Vlll.
679 773 869 837 [1071.]
891 773 1033 820 Anno
1057 774 1229 839 quinto
1247 776 1380 840 regni
1399 776 1467 821 sui
1493 775 1774 823 Guillelmus
1792 795 1873 824 rex

461 848 770 896 Guillelmum
796 850 996 897 Osberni
1023 850 1173 898 filium
1199 852 1328 898 misit
1353 853 1402 898 in
1427 853 1796 911 Normanniam,
1820 866 1875 900 ut

461 946 571 973 cum
583 927 813 975 Mathilde
834 929 994 994 regina
1016 940 1229 977 tueretur
1242 931 1556 994 provinciam.
1577 932 1714 978 Tunc
1730 931 1871 978 nimia

460 1005 687 1053 dissentio
699 1007 825 1053 inter
836 1007 1130 1071 principatus
1144 1007 1349 1054 haeredes
1363 1008 1409 1053 in
1421 1007 1639 1055 Flandria
1649 1009 1870 1056 surrexit.

460 1082 714 1129 Balduinus
733 1084 862 1130 enim
879 1102 1024 1149 gener
1044 1083 1274 1132 Rodberti
1295 1087 1415 1149 regis
1434 1088 1754 1143 Francorum,
1780 1086 1874 1134 for-

463 1160 667 1206 tissimus
691 1160 1056 1208 Flandrensium
1079 1173 1259 1226 satrapa
1285 1162 1402 1218 fuit,
1438 1173 1484 1210 et
1513 1181 1569 1210 ex
1591 1163 1733 1210 Adala
1765 1181 1874 1210 con-

451 1240 563 1301 juge
595 1256 675 1283 sua
699 1237 822 1285 filios
854 1248 900 1285 et
930 1238 1046 1285 filias
1075 1239 1234 1303 plures
1267 1240 1548 1287 multimoda
1581 1241 1740 1288 indole
1764 1242 1874 1305 pol-

458 1315 607 1363 lentes
640 1315 822 1363 habuit.
859 1316 1129 1364 Rodbertus
1162 1318 1351 1374 Fresio,
1388 1317 1643 1374 Arnulfus,
1682 1318 1875 1365 Baldui—

458 1411 547 1439 nus
566 1429 579 1450 ,
623 1393 726 1441 Udo
767 1395 1089 1443 Treverorum
1132 1394 1510 1460 archiepiscopus
1554 1406 1600 1442 et
1643 1395 1874 1443 Henricus

459 1470 668 1516 Clericus
698 1481 745 1518 et
775 1470 1014 1518 Mathilclis
1048 1473 1209 1537 regina
1243 1483 1385 1537 atque
1415 1472 1579 1519 Judith
1612 1490 1734 1519 uxor
1757 1473 1874 1519 Tos-

459 1547 538 1593 tici
563 1548 751 1594 comitis
776 1548 961 1596 soboles
988 1548 1203 1596 Balduini
1238 1559 1284 1596 et
1313 1549 1471 1596 Adalae
1496 1560 1621 1596 sunt.
1656 1550 1724 1596 De
1748 1567 1874 1613 quo-

457 1643 567 1670 rum
593 1625 808 1672 moribus
834 1637 879 1673 et
907 1628 1045 1673 variis
1070 1627 1318 1674 eventibus
1343 1627 1567 1691 sophistae
1591 1646 1759 1693 magna
1785 1646 1875 1675 vo-

457 1702 636 1749 lumina
671 1721 958 1767 componere
991 1717 1206 1768 possunt.
1235 1705 1505 1752 Rodbertus
1528 1706 1874 1770 primogenitus

450 1779 729 1843 jamdudum
752 1793 937 1845 patrem
962 1782 1256 1841 offenderat,
1281 1801 1304 1828 a
1327 1800 1426 1847 quo
1450 1783 1665 1846 repulsus
1689 1793 1736 1829 et
1755 1785 1875 1847 ejec-

457 1868 549 1913 tus,
572 1859 628 1904 ad
646 1859 945 1906 Florentium
960 1860 1128 1908 ducem
1144 1862 1423 1908 Fresionum
1440 1861 1585 1924 patris
1600 1861 1670 1906 sui
1690 1860 1873 1908 hostem

457 1948 735 1994 secesserat,
771 1939 907 2002 eique
934 1938 1259 1986 favorabiliter
1287 1939 1493 1986 serviens
1525 1939 1671 1985 filiam
1695 1941 1791 2002 ejus
1825 1939 1872 1985 in

457 2016 731 2079 conjugium
752 2027 1011 2081 acceperat.
1034 2017 1171 2064 Unde
1190 2016 1492 2063 Flandrensis
1509 2016 1605 2062 dux
1627 2015 1872 2064 vehemen-

459 2104 531 2139 tcr
556 2094 700 2140 iratus
727 2094 999 2152 infremuit,
1030 2096 1305 2143 Fresionem
1331 2113 1439 2142 eum
1466 2113 1565 2159 prae
1599 2095 1665 2140 ira
1690 2111 1872 2159 cogno-

457 2171 688 2226 minavit,
720 2181 766 2218 et
798 2189 906 2218 eum
938 2174 1139 2220 omnino
1169 2184 1409 2220 extorrem
1440 2173 1749 2228 denuntians,
1785 2177 1871 2218 Ar-

503 2391 555 2432 (1)
584 2389 645 2424 On
663 2401 709 2423 ne
727 2390 874 2424 connait
890 2402 952 2436 pas
966 2390 1075 2424 d'une
1090 2391 1251 2425 mambre
1268 2391 1406 2437 precise
1421 2391 1589 2438 l⁷epoque
1602 2390 1648 2425 de
1666 2391 1698 2425 la
1717 2398 1815 2425 mort
1827 2390 1872 2425 de

455 2460 496 2481 ce
524 2448 618 2483 saint
647 2461 887 2496 personnage.
908 2450 998 2483 Mais
1024 2457 1128 2485 notre
1157 2457 1288 2483 auteur
1314 2462 1405 2484 nous
1432 2450 1464 2485 le
1492 2452 1702 2497 represente
1731 2462 1872 2484 comme

456 2506 537 2552 dejii
555 2520 631 2541 (evo
649 2515 816 2543 maturus
831 2521 876 2543 en
904 2522 1002 2557 1070.
1026 2509 1055 2543 Il
1072 2510 1161 2544 etait
1174 2509 1268 2544 donc
1286 2510 1562 2556 probablement
1577 2509 1807 2557 sexagenaire
1826 2520 1871 2543 au

455 2573 619 2600 moment
637 2569 685 2601 ou
704 2567 729 2601 il
747 2567 803 2601 fut
823 2567 920 2601 eleve
943 2570 962 2601 ἐι
984 2567 1193 2615 l'cpiscopat
1207 2597 1215 2610 ‚
1236 2576 1273 2603 ct
1292 2568 1316 2602 il
1333 2576 1387 2603 est
1404 2568 1550 2602 difficile
1569 2568 1615 2603 de
1641 2568 1760 2602 croire
1782 2567 1869 2614 qu’il

457 2626 505 2658 ait
525 2628 650 2660 exerce
667 2634 760 2661 cette
775 2627 917 2672 dignite
936 2629 1027 2662 aussi
1044 2628 1271 2675 long-temps
1285 2628 1507 2676 qu’Orderic
1523 2628 1556 2662 le
1572 2628 1692 2662 donne
1711 2629 1730 2661 ἐι
1746 2634 1871 2661 enten—

458 2685 533 2718 dro.
559 2686 655 2720 Nous
676 2700 876 2734 supposons
894 2689 982 2734 qu'il
1002 2696 1162 2731 mourut,
1185 2702 1325 2723 connnc
1345 2701 1409 2723 son
1427 2694 1634 2735 protecteur
1652 2687 1792 2721 Urbain
1810 2687 1847 2721 ΙΙ
1861 2716 1868 2727 ,

460 2755 536 2777 vers
557 2745 585 2777 la
609 2746 653 2779 lin
673 2747 720 2779 (lu
745 2753 782 2779 11⁰
800 2748 917 2781 siecle*
941 2749 1009 2782 511¹·
1025 2762 1058 2782 sa
1075 2750 1127 2784 vie
1146 2756 1177 2782 ot
1200 2762 1260 2783 sur
1276 2762 1329 2781 ,ses
1349 2750 1472 2783 (Jews,
1492 2760 1595 2792 vm'cz
1614 2747 1798 2781 I’Hictm're
1815 2747 1869 2780 lit-

462 2805 590 2836 [τὶ-[ΠΝ
613 2806 655 2837 dr
681 2807 834 2841 Ft‘mtcr‘.
861 2815 883 2841 Ι.
907 2820 978 2841 vm,
