1951 3194
124 253 340 304 [699-714]
599 253 752 292 LIBER
780 253 1034 301 QUARTUS.
1459 259 1536 295 275

123 343 170 377 et
193 331 321 377 laicis
338 330 395 376 ad
414 329 702 376 Guthlacum
725 331 879 387 venit3
909 332 1035 378 inter
1053 348 1174 396 quos
1191 331 1248 380 de
1271 330 1409 379 beato
1434 334 1538 379 viro

122 409 248 455 varia
274 409 454 456 locutio
477 408 634 455 obiter
657 408 766 454 fuit.
795 408 1054 455 Praedictus
1079 420 1237 457 autem
1265 410 1535 475 episcopus,

124 496 367 550 comperta
391 487 439 532 in
460 484 717 532 venerabili
741 486 845 532 viro
869 486 1044 532 divinae
1067 488 1231 551 gratiae
1254 488 1510 535 luculentia
1525 525 1538 545 ,

125 574 173 609 et
191 563 239 610 in
260 563 550 627 exponendis
575 563 714 609 sacris
733 563 993 626 Scripturis
1017 565 1259 627 sapientiae
1283 565 1538 623 affluentia,

124 652 379 705 postquam
397 640 562 687 insulae
579 639 847 685 Crulandiae
866 639 1111 686 ecclesiam
1124 646 1214 687 x11⁰
1233 642 1327 688 kal.
1349 652 1545 707 septem-

124 716 224 764 bris
243 718 492 774 dedicavit,
510 716 725 765 eumdem
743 734 932 763 servum
945 718 1027 764 Dei
1045 719 1280 782 suscipere
1296 719 1545 767 sacerdotii

126 805 322 842 stemma
353 794 614 842 inviolabili
641 793 930 841 obedientiae
954 806 1198 859 praecepto
1225 799 1395 862 coegit.
1424 799 1546 846 Dein

127 874 183 920 ad
201 873 454 938 prandium
474 873 714 937 pontificis
731 883 918 919 sanctus
934 874 1008 919 vir
1025 885 1192 922 contra
1210 892 1396 922 morem
1412 894 1550 922 suum

128 951 290 997 venire
305 959 492 996 coactus
510 959 595 996 est.
617 947 731 1005 Ubi,
753 948 869 994 dum
886 949 1191 1014 VVigfridum
1207 951 1460 998 librarium
1479 953 1551 998 vi-

129 1025 260 1073 deret
278 1026 446 1090 procul
466 1025 625 1073 sedere
639 1061 653 1083 ,
672 1026 823 1090 coepit
842 1024 900 1071 ab
917 1043 974 1073 eo
995 1027 1240 1091 inquirere
1259 1027 1316 1075 de
1336 1027 1555 1076 hesterna

129 1104 472 1170 promissione,
501 1122 591 1169 qua
618 1104 755 1150 sociis
781 1105 829 1150 in
856 1104 929 1149 via
951 1106 1209 1168 jactaverat
1237 1123 1284 1152 se
1311 1106 1556 1153 examina-

132 1193 294 1229 turum
330 1193 493 1229 utrum
525 1183 648 1229 idem
680 1200 786 1229 vera
818 1183 1058 1246 potiretur
1092 1202 1149 1229 an
1188 1185 1404 1231 simulata
1441 1185 1558 1232 reli-

132 1262 294 1326 gione.
329 1261 446 1307 Mox
478 1260 557 1307 ille
590 1258 810 1317 erubuit,
845 1260 1042 1325 soloque
1072 1272 1338 1325 prostratus
1371 1263 1557 1309 veniam

131 1339 271 1402 petiit
294 1349 341 1385 et
364 1337 606 1397 obtinuit,
628 1338 812 1384 cunctis
829 1338 1115 1385 mirantibus
1134 1339 1267 1404 quod
1288 1340 1482 1387 illorum
1507 1341 1557 1386 in

132 1418 206 1464 via
231 1418 412 1464 locutio
436 1435 520 1481 per
543 1416 765 1481 spiritum
787 1417 893 1463 viro
915 1417 999 1463 Dei
1026 1416 1178 1464 lucide
1206 1427 1304 1464 tota
1327 1419 1554 1482 patuerit.

199 1495 592 1543 Reverentissima
618 1495 815 1560 Egburg
839 1494 1097 1551 abbatissa,
1125 1494 1303 1542 Aldulfi
1337 1496 1405 1559 (1)
1438 1499 1560 1560 regis

134 1574 254 1631 filia,
282 1592 366 1638 per
390 1574 596 1638 legatum
615 1573 894 1638 suppliciter
919 1583 1118 1638 rogante
1133 1610 1146 1632 ,
1172 1573 1433 1620 Guthlacus
1456 1591 1558 1619 sar—

135 1651 402 1717 cophagum
415 1650 714 1715 plumbeum,
732 1662 776 1698 et
793 1652 842 1697 in
860 1668 915 1698 eo
931 1651 1133 1698 linteum
1145 1651 1201 1697 ad
1218 1651 1559 1698 involvendum

133 1748 181 1777 se
201 1741 308 1794 post
327 1729 516 1777 obitum
538 1730 767 1794 suscepit;
794 1740 842 1777 et
863 1730 1119 1776 sciscitanti
1146 1730 1250 1794 quis
1278 1730 1427 1777 haeres
1449 1740 1559 1794 post

135 1827 181 1856 se
215 1810 307 1856 loci
342 1809 468 1855 illius
504 1819 647 1865 esset,
691 1807 844 1854 adhuc
883 1826 1119 1873 paganum
1155 1826 1251 1855 esse
1288 1809 1554 1872 respondit.

138 1885 278 1945 Quod
302 1887 363 1931 ita
388 1885 570 1931 factum
594 1897 680 1932 est.
707 1885 828 1931 Nam
847 1886 997 1941 Cissa,
1021 1886 1102 1950 qui
1133 1895 1241 1948 post
1264 1903 1373 1931 eum
1400 1886 1557 1932 sedem

136 1967 233 2027 ejus
256 1964 491 2028 possedit,
511 1973 621 2026 post
642 1963 824 2028 aliquot
850 1980 1000 2009 annos
1026 1963 1076 2008 in
1100 1963 1347 2008 Britannia
1371 1962 1556 2027 baptis—

133 2059 269 2087 mum
295 2042 524 2105 percepit.

198 2120 322 2167 Clito
352 2119 662 2177 Edelbaldus‚
696 2137 838 2185 quem
872 2119 1125 2166 Ceolredus
1158 2137 1240 2166 rex
1279 2120 1353 2184 (2)
1386 2119 1479 2166 huc
1509 2130 1555 2167 et

135 2196 247 2242 illuc
272 2196 405 2243 valde
430 2195 820 2262 persequebatur,
850 2196 974 2242 inter
998 2194 1138 2241 dubia
1164 2195 1371 2259 pericula
1395 2196 1553 2243 exina-

133 2274 246 2319 nitis
271 2272 453 2319 viribus
477 2273 570 2319 suis
593 2290 912 2338 suorumque,
942 2272 999 2318 ad
1025 2273 1182 2318 virum
1208 2273 1324 2331 Dei,
1350 2282 1404 2318 ut
1430 2273 1549 2320 sole-

131 2349 239 2407 bat,
275 2351 431 2407 venit3
469 2361 526 2396 ut
564 2350 646 2397 ubi
682 2350 944 2397 humanum
987 2350 1239 2399 consilium
1274 2350 1545 2408 defecisset,

133 2429 350 2476 divinum
371 2428 563 2476 adesset.
590 2429 743 2489 Quem
761 2428 927 2476 beatus
952 2428 1211 2476 Guthlacus
1235 2427 1407 2474 blande
1429 2445 1548 2475 con-

135 2506 308 2553 solatus
332 2516 426 2562 est,
462 2506 598 2570 eique
634 2524 720 2570 per
755 2505 988 2569 Spiritum
1016 2505 1100 2552 Dei
1131 2505 1352 2569 promisit
1386 2504 1547 2552 domi-

179 2702 229 2746 (1)
254 2699 457 2746 Aldulphe‚
481 2700 536 2733 roi
556 2697 778 2744 d'Estanglie
798 2696 971 2743 (664-680
990 2710 1037 2731 ou
1056 2696 1150 2742 685).

182 2761 231 2803 (a)
256 2759 429 2802 lered,
451 2758 505 2792 roi
521 2757 565 2792 dc
585 2757 723 2793 Mei-cie
739 2755 938 2803 (709-716).
