1951 3194
410 310 489 347 310
781 308 1023 346 HISTORIA
1053 307 1457 346 ECCLESIASTICA.
1694 310 1832 359 [1077]

410 389 638 435 Dominae
652 399 828 434 nostra>
845 388 1114 433 construxit
1130 386 1224 451 (1),
1245 404 1333 434 nos
1349 387 1466 433 illuc·
1482 388 1553 434 ad
1566 387 1832 451 Deifamu-

412 466 565 512 latum
587 465 896 529 aggregavit,
922 482 983 511 ac
1002 475 1051 510 ut
1065 464 1362 530 patet-filias
1386 468 1435 510 in
1454 468 1617 512 timore
1633 467 1732 512 Dei
1746 484 1830 513 nos

410 544 645 590 educavit.
668 543 728 588 In
750 542 954 589 ecclesia
974 560 1121 607 qaam
1140 542 1373 601 condidit,
1396 542 1552 590 locam
1574 544 1831 608 sepultat-ce

409 622 519 679 sibi,
535 622 908 679 memormortis,
927 622 1085 684 elegit.
1100 622 1172 667 AE
1174 632 1309 668 terna
1323 633 1469 668 morte
1474 622 1730 687 puniatur,
1751 625 1832 686 qai

410 715 549 744 soma
564 698 726 763 patris
751 699 902 744 nostri
913 698 1116 759 filiabus
1140 700 1241 744 sais
1265 697 1453 762 aufer-re
1476 701 1706 745 conatur!

474 776 793 840 Rotomagum
815 775 962 840 igitur
980 776 1036 821 ad
1058 776 1239 821 curiam
1258 776 1379 839 regis
1400 776 1517 831 itur,
1538 786 1585 822 et
1604 774 1664 821 ab
1685 775 1830 821 utris-

408 870 501 917 que
519 853 736 917 partibus
755 854 1054 918 querimonia
1075 854 1401 918 depromitur3
1429 853 1508 901 sed
1527 853 1694 918 regalis
1716 869 1832 900 cen—

412 947 518 976 sura
553 929 786 994 fragiliori
821 932 967 996 magis
997 932 1125 978 sexui
1160 931 1468 995 compatitur.
1504 931 1721 996 Denique
1748 947 1832 977 rex

410 1007 638 1054 accersito
660 1007 864 1054 Johanni
893 1008 1250 1072 archiepiscopo
1276 1008 1577 1056 commendat
1602 1020 1655 1054 ut
1679 1010 1834 1056 Luxo-

411 1085 544 1131 vium
565 1086 781 1133 celeriter
799 1096 889 1143 eat,
914 1097 960 1132 et
979 1086 1185 1150 episcopi
1207 1103 1379 1149 corpus
1400 1089 1448 1132 in
1470 1086 1685 1134 oratorio
1702 1103 1834 1132 sanc-

412 1173 475 1208 tae
495 1163 658 1209 Mariae
679 1163 750 1225 (2)
774 1162 997 1209 decenter
1022 1163 1231 1227 sepeliat.
1264 1165 1329 1208 At
1361 1162 1465 1219 ille,
1493 1163 1603 1227 quia
1625 1162 1761 1210 ferox
1786 1172 1833 1209 et

414 1239 631 1304 turgidus
651 1251 750 1286 erat
764 1276 776 1296 ,
801 1251 847 1286 et
867 1241 1070 1286 noxium
1093 1257 1347 1286 rancorem
1366 1239 1645 1303 jamdudum
1667 1249 1834 1286 contra

411 1318 666 1381 praefatum
689 1319 942 1383 praesulem
962 1319 1124 1365 animo
1143 1328 1369 1382 gesserat,
1393 1318 1514 1382 regis
1538 1326 1833 1382 praeceptum

412 1394 703 1442 furibundus
743 1396 1059 1460 contempsit,
1094 1414 1181 1442 nec
1216 1396 1272 1442 ad
1306 1395 1639 1441 tumulandum
1672 1395 1835 1458 coepi-

411 1485 609 1532 scopum
637 1487 774 1516 suum
803 1470 871 1516 ire
895 1470 1063 1516 voluit.
1094 1470 1185 1530 Qui
1210 1470 1323 1516 dum
1352 1469 1409 1516 de
1441 1470 1569 1515 curia
1599 1469 1720 1534 regis
1751 1486 1836 1532 per

413 1545 584 1594 urbem
600 1564 741 1611 super
760 1547 938 1593 mulam
958 1565 1089 1593 suam
1114 1547 1290 1595 rediret
1303 1583 1315 1603 ,
1340 1545 1615 1611 tumideque
1635 1546 1835 1611 loquens

412 1624 470 1670 de
502 1625 649 1670 causis
678 1625 1066 1680 imminentibus,
1093 1625 1254 1672 domui
1281 1643 1376 1672 suae
1400 1625 1831 1689 appropinquaret,

413 1701 578 1747 divino
600 1711 723 1747 nutu
742 1701 895 1747 subita
914 1703 1068 1765 passio
1090 1703 1223 1748 illum
1243 1704 1500 1766 percussit,
1524 1701 1663 1748 turba
1683 1702 1836 1766 palam

416 1789 656 1842 spectante
681 1779 737 1825 ad
763 1790 939 1826 terram
962 1780 1156 1844 dejecit,
1182 1780 1476 1845 biennioque
1499 1798 1598 1844 quo
1620 1791 1834 1844 postmo-

416 1855 531 1900 dum
546 1855 681 1911 vixit,
704 1855 941 1920 elinguem
960 1855 1182 1902 reddidit.
1201 1858 1340 1902 Tunc
1354 1856 1647 1904 Gislehertus
1664 1855 1835 1903 Ebroi-

415 1933 565 1979 censis
582 1933 828 1996 episcopus
843 1950 952 1978 cum
970 1933 1124 1980 multo
1140 1934 1350 1981 fidelium
1364 1935 1552 1998 agmine
1567 1934 1834 1982 Luxovium

414 2008 570 2063 vadit,
610 2019 656 2055 et
691 2027 863 2073 corpus
895 2011 1131 2074 episcopi,
1164 2021 1345 2058 astante
1379 2009 1594 2059 Roberto
1629 2011 1835 2058 Aucensi

415 2087 614 2143 comite,
642 2088 722 2151 qui
757 2105 1011 2151 germanus
1038 2090 1136 2152 ejus
1161 2100 1286 2148 erat,
1320 2090 1368 2135 in
1400 2089 1549 2136 choro
1578 2091 1836 2137 sanctimo-

414 2163 612 2209 nialium
637 2166 979 2212 convenienter
1003 2166 1235 2230 sepelivit.
1258 2168 1500 2214 Mausoleo
1521 2168 1639 2213 tanti
1666 2167 1834 2230 ponti-

417 2239 515 2285 ficis
568 2257 808 2304 congruus
854 2242 970 2304 lapis
1011 2244 1253 2306 appositus
1301 2254 1370 2290 est
1386 2279 1399 2299 ‚
1446 2254 1493 2290 et
1539 2241 1833 2307 epitaphium

416 2316 634 2365 Adonico
664 2329 820 2365 metro
838 2354 849 2374 ‚
882 2320 1011 2384 quod
1046 2320 1237 2385 dactylo
1269 2320 1590 2385 spondaeoque
1620 2331 1829 2377 constat,

461 2514 471 2556 (
483 2515 511 2557 ι)
538 2514 602 2546 Les
634 2512 843 2559 religieuses
873 2525 944 2560 que
973 2513 1156 2547 Lesceline
1182 2513 1276 2547 avait
1303 2511 1455 2546 d’abord
1480 2511 1630 2546 ctablies
1660 2513 1680 2545 a
1707 2510 1830 2545 Saint-

417 2571 737 2605 l'icrro-sur-Hive
756 2578 862 2617 ayant
879 2573 936 2605 etc}
956 2572 1175 2618 remplacees
1189 2584 1254 2619 par
1273 2571 1337 2606 des
1355 2572 1514 2615 moines,
1530 2571 1654 2605 furent
1672 2568 1827 2605 transse-

415 2629 492 2661 νέως
512 2631 531 2662 ἱι
552 2629 783 2663 saint-Desii*
799 2629 843 2664 de
864 2630 1024 2671 Lisieux,
1045 2637 1082 2666 et
1102 2630 1183 2665 leur
1201 2629 1366 2664 nouvelle
1385 2629 1496 2676 eglise
1513 2628 1641 2663 dediee
1656 2629 1675 2662 a
1693 2627 1827 2661 Notre—

419 2687 527 2721 Damc
562 2701 702 2723 comme
741 2689 952 2724 l’aueienne.
989 2690 1111 2736 Voyez
1145 2690 1178 2724 la
1216 2690 1342 2724 charte
1376 2689 1421 2723 de
1456 2687 1645 2724 fondation
1678 2687 1829 2731 (Gallia

418 2747 636 2789 slm‘x-limm,
658 2751 824 2783 instrum.
843 2751 966 2784 eccles.
990 2751 1139 2793 Lexov.²
1166 2750 1232 2785 col.
1255 2748 1353 2794 205).

462 2808 510 2835 (’>“
544 2807 688 2839 t'‹'·1.=li,<‹·
713 2808 772 2840 ilos·
794 2809 973 2850 rvligivus:
990 2823 1017 2842 ς,
1045 2810 1276 2854 :uvjuurffllnni
1298 2807 1535 2842 Saimvfflsir.
