1951 3194
579 275 731 313 LIBER
761 275 1004 323 QUINTUS.
1425 277 1501 315 407

92 372 347 418 scopon-um
370 364 418 400 et
440 354 653 418 quinque
676 353 917 410 abbatum,
949 354 1186 417 totiusque
1204 354 1366 416 populi
1391 372 1500 400 euni

91 433 221 479 clero
247 442 427 479 astante
450 431 758 479 donationem
792 450 932 495 super
958 431 1129 488 altare,
1160 431 1311 477 adhuc
1339 450 1499 478 sacro*

91 520 248 557 sancta
275 510 630 556 consecratione
653 509 894 555 madidum
910 545 923 566 ‚
950 510 1186 573 deposuit.
1215 510 1323 557 Non
1347 511 1500 557 multo

90 598 220 652 post,
244 600 457 651 tempore
476 587 704 634 Rodberti
725 586 856 632 ducis
878 586 1001 649 apud
1022 588 1221 633 Beccum
1247 597 1299 633 11⁰
1321 587 1421 634 idus
1437 591 1501 651 ja-

90 666 242 711 nuarii
267 664 389 711 obiit
413 665 486 727 (ι)
503 700 516 722 ,
540 675 585 709 et
605 664 652 708 in
672 663 877 709 claustro
897 663 1104 709 Lirensis
1124 664 1331 711 coenobii
1355 666 1502 730 (quod

91 741 138 787 in
157 741 354 805 proprio
374 750 506 803 pater
522 741 618 802 ejus
634 738 786 784 fundo
804 737 1104 801 fundaverat)
1124 741 1331 804 sepultus
1349 742 1502 805 quies-

90 818 185 875 cit;
221 819 350 880 cujus
384 815 699 862 anniversaria
737 815 833 862 dies
884 816 933 860 in
963 815 1174 862 Uticensi
1212 819 1501 864 monasterio

88 895 281 959 singulis
295 894 429 939 annis
443 892 607 940 festive
620 893 689 939 fit.
707 893 887 940 Deinde
900 893 1053 957 sigillo
1069 895 1260 941 Hem-ici
1277 897 1397 959 regis
1413 896 1505 942 An·

86 971 275 1036 giorum
298 971 480 1016 munita
504 981 573 1016 est
596 969 754 1016 charta
779 970 1048 1017 donationis
1071 972 1378 1035 praefatarum
1397 991 1426 1019 x
1449 974 1501 1018 li-

87 1048 311 1105 brarum3
339 1058 385 1094 et
413 1064 698 1094 successores
728 1047 970 1094 Guilielmi
1001 1069 1011 1093 :
1039 1049 1318 1096 Eustachius
1345 1061 1391 1096 et
1416 1051 1503 1096 Ra-

86 1125 244 1172 dulfus
278 1124 335 1172 de
359 1124 547 1173 Guader
568 1135 709 1190 atque
728 1125 999 1172 Rodbertus
1031 1126 1088 1172 de
1110 1128 1408 1192 Legrecestra
1435 1133 1500 1190 (2)

86 1202 330 1249 monachis
353 1213 711 1257 concesserunt,
743 1212 789 1250 et
816 1219 964 1267 usque
993 1204 1040 1249 in
1068 1203 1351 1251 hodiernum
1376 1205 1500 1252 diem

87 1281 266 1344 optime
289 1279 615 1326 reddiderunt.

152 1357 433 1404 Guillelmus
448 1357 504 1404 de
524 1357 715 1403 Molinis
738 1359 828 1422 (3),
847 1369 1087 1405 annuente
1102 1358 1331 1406 Albereda
1351 1378 1498 1408 uxore

87 1453 190 1491 sua,
211 1434 352 1481 beato
376 1433 576 1481 Ebrulfo
600 1435 841 1482 ecclesiam
860 1436 915 1482 de
937 1436 1137 1482 Maheru
1156 1438 1227 1500 (4)
1244 1474 1259 1496 ,
1282 1456 1391 1485 cum
1415 1439 1498 1485 de-

86 1514 229 1571 cima,
266 1524 313 1560 et
346 1524 443 1559 tota
481 1524 601 1559 terra
629 1514 893 1578 presbyteri
929 1515 984 1560 ad
1022 1516 1232 1562 eamdem
1257 1517 1497 1563 ecclesiam

84 1593 354 1655 pertinente
371 1602 417 1638 et
437 1592 674 1639 cimiterio
688 1628 701 1649 ,
730 1592 875 1639 dedit.
899 1594 952 1638 In
975 1604 1128 1639 castro
1153 1595 1294 1639 etiam
1313 1594 1369 1641 de
1390 1596 1497 1642 Mo-

84 1668 192 1715 linis
214 1668 343 1714 dedit
365 1668 604 1714 ecclesiam
625 1670 673 1715 S.
699 1670 940 1716 Laurentii
963 1670 1056 1733 (5),
1077 1688 1184 1716 eum
1209 1681 1332 1717 terra
1354 1690 1493 1737 quam

85 1747 133 1792 in
161 1745 376 1793 dominio
415 1745 618 1792 habebat
645 1749 778 1809 juxta
812 1747 1080 1803 castellum,
1112 1748 1231 1794 sicut
1266 1749 1362 1812 ipse
1395 1768 1495 1796 eam

132 1947 182 1991 (ι)
207 1947 255 1979 Le
276 1945 467 1990 12janvier
490 1956 588 1979 1102.

133 2006 181 2051 (2)
208 2005 405 2045 Eustache,
434 2004 488 2038 fils
513 2003 656 2038 naturel
686 2010 722 2036 et
748 2002 901 2037 heritier
928 2002 973 2037 de
998 2003 1210 2037 GuiHaume
1238 2004 1282 2039 de
1312 2006 1490 2048 Breteuil,

85 2076 226 2098 comme
251 2074 342 2097 nous
369 2062 403 2096 le
428 2074 577 2096 verrons
607 2062 787 2107 ci·apres;
814 2060 932 2094 Raoul
961 2060 1006 2095 de
1034 2061 1197 2104 Guader,
1227 2062 1416 2099 denxieme
1444 2066 1493 2100 (lu

86 2135 189 2167 nom,
210 2134 324 2157 neveu
344 2121 390 2156 de
407 2120 618 2156 Guillaume
636 2120 680 2155 de
705 2120 887 2163 Breteuil,
907 2122 926 2154 ἐι
945 2120 1008 2167 qui
1036 2121 1215 2155 Eustaehe
1239 2122 1326 2156 ceda
1353 2123 1402 2158 les
1426 2124 1493 2160 do-

85 2183 222 2217 maines
241 2181 285 2216 de
304 2180 335 2215 la
354 2180 489 2215 familie
503 2193 548 2214 en
573 2193 606 2214 11
620 2192 678 2226 19;
698 2179 857 2223 Robert,
879 2187 997 2214 comte
1015 2179 1059 2214 de
1078 2181 1267 2225 Leicesi‘er,
1292 2184 1427 2229 gendre
1447 2185 1491 2220 de

85 2241 202 2276 Raoul
221 2241 266 2275 de
283 2240 443 2275 Guader.

129 2300 178 2346 (5)
203 2300 432 2340 Guilkmme,
456 2299 626 2345 seigneur
648 2298 693 2332 de
719 2297 1099 2332 Moulins-la-Marche
1122 2312 1186 2345 pai*
1204 2312 1239 2334 sa
1261 2300 1394 2337 senune
1413 2306 1490 2338 Au-

83 2362 188 2405 bree,
215 2361 303 2395 etait
329 2360 383 2395 fils
403 2359 447 2393 de
467 2359 622 2394 Gautier
639 2358 683 2393 de
702 2358 849 2392 Falaise.
873 2358 903 2392 ll
926 2359 1038 2393 existe
1063 2358 1151 2393 dans
1174 2359 1205 2394 le
1225 2361 1427 2397 Cartulaire
1447 2365 1491 2398 de

82 2419 295 2455 Saint-Pere
322 2417 504 2465 plusieurs
533 2417 675 2451 chartes
704 2417 749 2451 de
776 2416 987 2452 Guillaume
1015 2417 1060 2451 de
1092 2418 1267 2462 Moulins,
1300 2421 1390 2456 dont
1420 2436 1490 2458 une

83 2482 139 2525 (p.
164 2478 240 2525 147)
259 2477 376 2523 parait
393 2476 471 2511 etre
488 2476 533 2510 de
555 2489 654 2524 1077.

128 2539 178 2584 (4)
204 2538 376 2581 Maheru,
397 2537 479 2583 pres
500 2535 897 2571 Moulins-la-Marche.
917 2557 963 2562 —-
976 2537 1073 2571 Lisez
1092 2552 1097 2570 τ
1121 2541 1333 2573 caemeteria.

129 2597 179 2643 (5)
205 2597 237 2631 ll
253 2603 307 2631 est
321 2595 488 2631 essentiel
507 2595 552 2630 de
572 2595 777 2641 distinguer
799 2602 893 2630 cette
910 2595 1020 2642 eglise
1043 2595 1151 2629 d’une
1174 2604 1278 2631 autre
1297 2597 1424 2634 deditio
1443 2613 1487 2634 au

84 2656 200 2691 meme
218 2656 328 2699 saint,
352 2655 441 2690 mais
456 2654 663 2701 dependant
682 2654 731 2688 du
754 2654 937 2688 territoire
960 2654 1005 2689 de
1028 2655 1220 2698 Plauches,
1242 2664 1278 2692 et
1298 2659 1413 2694 situee
1428 2674 1488 2695 sui·

86 2716 118 2750 la
140 2716 215 2750 rive
241 2715 379 2762 gauche
407 2714 451 2749 dc
478 2714 512 2748 la
538 2714 655 2756 Risle,
685 2714 747 2761 qui
774 2714 865 2748 avait
889 2715 946 2748 ele
975 2713 1116 2749 donnec
1145 2718 1162 2749 ’ξι
1194 2716 1406 2753 Saum-Pero
1428 2734 1489 2766 pai·

87 2773 386 2809 E11dcs-210-R0ux
406 2774 537 2817 (Cart,
560 2786 596 2818 p.
623 2772 682 2813 148
700 2779 735 2807 ct
753 2771 846 2818 549).
