1951 3194
130 267 267 314 [1069]
625 262 777 300 LIBER
808 262 1063 310 QUARTUS.
1471 267 1545 304 193

131 342 343 406 equitatu
381 341 659 395 contendit,
704 340 910 387 nefarios
946 341 1176 404 quosdam
1214 342 1260 387 in
1296 342 1547 406 paludibus

130 436 250 483 pene
278 417 677 465 inaccessibilibus
703 420 906 482 reperit,
932 418 1183 484 gladioque
1202 421 1367 484 punit,
1391 430 1439 466 et
1462 421 1550 466 ali-

130 506 250 561 quot
276 495 470 542 latibula
496 497 662 541 diruit.
692 497 746 540 ln
771 497 923 558 ripam
949 497 1143 543 alteram
1170 497 1377 544 evadunt
1400 498 1547 555 Dani,

132 575 432 638 opperientes
477 585 660 637 tempus
696 591 792 637 quo
839 592 884 619 se
931 576 1176 639 sociosque
1215 593 1322 622 suos
1357 587 1551 639 possent

132 652 310 698 ulcisci.

206 729 279 777 Eo
322 741 533 791 tempore
577 729 783 774 Saxones
820 729 1134 776 occidentales
1175 730 1232 777 de
1275 732 1469 779 Dorseta
1505 744 1552 779 et

135 808 447 853 Summerseta
470 821 578 850 cum
601 805 694 850 suis
713 806 984 852 confinibus
1010 808 1457 856 Montem-Acutum
1476 812 1550 875 (1)

135 885 423 942 assilierunt,
446 882 525 929 sed
542 881 705 931 divino
726 893 849 930 nutu
870 885 1083 949 impediti
1106 896 1235 933 sunt.
1258 887 1378 934 Nam
1394 887 1554 936 Guen-

138 963 252 1017 tani,
266 959 523 1016 Lundonii,
539 960 805 1018 Salesberii,
819 961 1061 1011 Gaufredo
1074 963 1424 1012 constantiensi
1439 984 1555 1029 prae-

135 1039 233 1086 sule
245 1039 456 1092 ductore,
473 1051 865 1102 supervenerunt,
878 1041 1108 1104 quosdam
1121 1054 1443 1106 peremerunt,
1454 1062 1556 1107 par-

139 1118 224 1162 tim
241 1126 401 1180 captos
418 1116 776 1173 mutilaverunt,
795 1117 1006 1182 reliquos
1020 1119 1324 1183 fugaverunt.
1337 1120 1494 1168 Gualli
1509 1134 1556 1170 et

137 1195 404 1242 Cestrenses
424 1195 494 1257 (2)
512 1194 789 1257 praesidium
804 1196 925 1261 regis
943 1197 1064 1261 apud
1082 1197 1474 1246 Scrobesburiam
1489 1203 1558 1265 (3)

140 1271 456 1327 obsederunt3
476 1270 652 1336 quibus
668 1272 837 1319 incolae
854 1274 1057 1320 civitatis
1073 1292 1181 1320 cum
1193 1275 1372 1323 Edrico
1388 1276 1559 1323 Guilda

140 1354 327 1413 potenti
364 1359 412 1396 et
452 1348 678 1397 bellicoso
714 1351 847 1407 viro,
887 1352 1083 1417 aliisque
1119 1353 1359 1400 ferocibus
1396 1354 1561 1420 Anglis

140 1428 317 1475 auxilio
333 1426 547 1474 fuerunt.
572 1427 701 1474 Idem
719 1427 843 1492 apud
862 1430 1098 1477 Exoniam
1116 1432 1398 1479 Exoniensis
1420 1435 1562 1480 comi-

141 1515 265 1552 tatus
296 1503 585 1551 habitatores
607 1504 762 1552 fecere
779 1541 791 1561 ‚
819 1515 866 1552 et
890 1506 1103 1571 undique
1129 1507 1391 1555 coadunata
1423 1508 1560 1556 turba

142 1600 197 1630 ex
234 1583 399 1630 Cornu
435 1582 712 1629 Britanniae.
754 1582 874 1628 Nam
905 1584 1112 1647 supremi
1148 1584 1264 1632 fines
1293 1585 1564 1649 Anglorum

142 1660 438 1709 occidentem
458 1677 617 1706 versus
636 1670 682 1707 et
706 1659 987 1706 Hiberniam
1005 1662 1170 1708 Cornu
1196 1663 1460 1711 Britanniae
1482 1684 1492 1711 :
1517 1666 1564 1711 id

143 1750 212 1786 est
243 1737 511 1785 Cornuallia
551 1738 882 1784 nominantur.
911 1739 1112 1785 Exoniae
1141 1740 1264 1787 cives
1297 1742 1394 1805 regi
1433 1741 1565 1789 fave-

144 1818 289 1872 bant,
318 1834 417 1863 non
456 1817 756 1862 immemores
790 1833 1119 1879 pressurarum
1143 1836 1257 1882 quas
1290 1818 1407 1864 olim
1444 1822 1563 1883 passi

144 1895 353 1942 fuerant.
381 1896 606 1941 Protinus
629 1913 731 1950 rex,
760 1893 841 1940 ubi
868 1894 969 1941 haec
993 1897 1174 1959 accepit
1191 1933 1202 1951 ‚
1229 1899 1425 1944 comites
1445 1897 1563 1945 duos

146 1971 457 2018 Guillelmum
489 1972 560 2033 (4)
587 1982 634 2016 et
666 1971 928 2017 Briennum
960 1971 1287 2018 laborantibus
1311 1972 1563 2021 subvenire

146 2049 390 2113 praecepit.
412 2047 593 2094 Verum
621 2048 896 2112 priusquam
929 2048 995 2094 illi
1031 2049 1422 2096 Scrobesburiam
1455 2070 1563 2115 per-

146 2127 382 2173 venissent
400 2161 413 2183 ‚
444 2123 562 2171 urbe
587 2124 831 2171 combusta
858 2124 1013 2172 hostes
1036 2126 1358 2174 discesserant.
1388 2129 1561 2176 Defen-

147 2221 272 2250 sores
295 2219 487 2266 quoque
510 2201 708 2247 Exoniae
735 2201 894 2247 subito
919 2214 1203 2265 eruperunt,
1231 2214 1278 2249 et
1302 2206 1482 2268 impetu
1511 2207 1558 2251 in

195 2421 244 2465 (1)
269 2418 483 2462 Montagute
495 2444 504 2458 ,
526 2416 615 2449 dans
630 2415 662 2449 16
682 2416 801 2449 comte
819 2414 864 2449 de
882 2414 1118 2449 Sommerset.

195 2480 244 2524 (2)
271 2478 336 2511 Les
353 2475 539 2509 habitants
559 2474 609 2508 du
627 2475 747 2508 comte
763 2473 807 2507 de
826 2473 992 2508 Chester.

196 2537 245 2583 (3)
271 2534 523 2579 Shrewsbury.

195 2599 245 2642 (4)
270 2593 551 2630 Probablement
577 2591 788 2626 Guillaume
813 2590 1101 2633 Fitz-Osberne,
1132 2601 1361 2636 gouverneur
1379 2589 1424 2624 de
1449 2591 1559 2625 Win-

152 2657 305 2690 chester.
324 2674 369 2679 -—-
388 2653 513 2686 Brient
533 2650 577 2684 de
596 2650 793 2695 Bretagne,
813 2649 1026 2683 mentionne
1046 2647 1243 2690 ci-dessus‚
1265 2660 1300 2694 p.
1327 2647 1409 2695 189,
1429 2650 1517 2684 &tait
1530 2650 1562 2684 le

154 2715 285 2750 second
301 2713 354 2747 [ils
372 2711 537 2745 d’Eudon
551 2738 559 2750 ,
579 2716 697 2743 comte
716 2709 760 2742 de
777 2708 1014 2748 Penthii’vre,
1036 2714 1073 2741 ct
1091 2708 1123 2741 le
1139 2708 1233 2741 frere
1252 2706 1563 2743 d’Alain—le-Noin·

154 2780 190 2807 et
206 2771 502 2811 Alain-le-l'ioux5
525 2775 660 2801 comtes
683 2767 727 2800 (le
747 2765 955 2800 Richrnond
974 2766 1064 2799 (laus
1083 2765 1319 2798 l’Yorksliirc.

1345 2827 1366 2838 ,-

255 2847 303 2876 11.
1318 2842 1368 2868 15)
