1951 3194
358 247 408 285 42
719 253 958 293 HISTORIA
988 254 1386 294 ECCLESIASTICA.
1484 259 1749 307 [msc-1057]

353 325 488 372 fratri
516 345 600 374 suo
623 342 1007 392 praesentaverat,
1035 342 1082 379 ct
1104 333 1383 381 Willermus
1405 337 1609 400 ejusdem
1633 354 1752 401 prae-

353 402 464 448 sulis
485 403 607 449 filius
628 404 685 452 de
704 423 883 453 camera
902 408 1047 471 patris
1071 409 1140 454 sui
1160 408 1453 458 familiariter
1475 413 1748 468 sustulerat,

354 479 631 546 dilectaeque
662 500 756 528 suae
789 486 977 550 conjugi
1011 486 1222 532 Hadvisae
1259 488 1542 535 omnimodis
1570 490 1753 553 placere

356 557 517 604 volens
535 558 766 606 detulerat
784 562 991 624 (1).Alia
1013 580 1202 627 quoque
1221 565 1367 610 multa
1388 565 1513 612 bona
1531 566 1754 629 praefatus

356 636 429 680 vir
451 637 654 684 ecclesiae
677 657 772 685 suae
795 641 1069 705 adquisivit,
1096 652 1141 688 et
1167 652 1260 688 tam
1287 644 1335 688 in
1360 645 1651 690 ornamentis
1676 662 1755 691 ec—

355 711 645 773 clesiasticis,
672 734 814 781 quam
839 718 887 764 in
918 720 1183 766 necessariis
1207 718 1423 766 subsidiis
1447 721 1756 784 procurandis

353 788 582 838 fratribus
606 794 902 857 acceptabilis
926 795 1034 842 fuit.

419 869 499 915 III.
522 871 817 920 Venerabilis
840 884 995 922 autem
1014 875 1296 922 Teodericus
1319 875 1459 922 abbas
1484 876 1757 922 monasticae

355 945 574 1010 religioni
590 947 829 996 ferventer
846 950 1105 1009 insistebat,
1125 963 1170 999 et
1187 951 1275 998 sibi
1289 953 1547 999 commissae
1563 969 1758 1017 congre-

355 1023 533 1086 gationi
558 1025 713 1072 verbis
736 1038 783 1073 et
805 1028 1026 1092 operibus
1050 1028 1267 1093 prodesse
1291 1029 1525 1076 studebat.
1552 1030 1639 1075 Hic
1666 1029 1760 1075 fuit

355 1101 547 1147 natione
593 1103 925 1163 Normannus,
976 1106 1032 1152 de
1075 1107 1320 1171 provincia
1369 1107 1634 1171 Talogiensi
1683 1106 1756 1169 (2)

355 1177 608 1236 oriundus,
655 1190 830 1227 statura
871 1181 1146 1239 mediocris,
1191 1183 1381 1246 eloquio
1419 1184 1568 1228 suavis
1586 1218 1599 1238 ,
1642 1182 1759 1229 facie

355 1251 673 1314 rubicundus,
715 1259 855 1303 sacris
896 1258 1065 1305 litteris
1103 1259 1338 1316 eruditus,
1381 1269 1427 1305 et
1465 1258 1523 1304 ab
1562 1258 1759 1305 infantia

354 1348 501 1395 usque
534 1333 591 1379 ad
619 1334 758 1382 canos
791 1336 955 1384 divino
990 1337 1138 1383 cultui
1171 1337 1480 1401 mancipatus.
1516 1336 1606 1384 Sed
1640 1337 1760 1383 sicut

355 1407 528 1454 zizania
561 1411 608 1456 in
646 1429 793 1459 messe
831 1413 1013 1460 triticea
1052 1413 1326 1477 importune
1366 1413 1609 1469 oriuntur,
1652 1430 1759 1476 quae

357 1494 571 1548 tempore
593 1489 838 1535 messionis
857 1507 881 1534 a
907 1489 1123 1554 diligenti
1147 1507 1350 1537 messore
1374 1489 1587 1536 funditus
1612 1490 1758 1536 eradi-

354 1560 608 1621 cabuntur,
645 1565 835 1630 ignique
869 1583 969 1613 non
1007 1567 1218 1631 parcenti
1259 1566 1529 1624 tradentur;
1570 1567 1634 1612 sic
1671 1565 1758 1613 filii

355 1656 557 1703 nequam
583 1655 924 1690 succrescentes
947 1645 1121 1709 agmini
1145 1644 1336 1708 piorum
1361 1645 1653 1701 inseruntur,
1681 1643 1759 1690 sed

357 1733 379 1759 a
397 1718 527 1779 justo
543 1718 701 1780 judice
732 1720 972 1783 praefinito
997 1733 1210 1785 tempore
1233 1720 1530 1786 detegentur,
1557 1720 1759 1767 meritis-

356 1811 447 1857 que
465 1796 705 1860 suppliciis
724 1798 935 1846 districte
951 1798 1229 1846 subdentur.
1253 1799 1349 1846 Sub
1368 1799 1569 1863 praefato
1589 1798 1759 1845 abbate

356 1872 612 1919 monachus
636 1875 826 1938 quidam
845 1877 1041 1923 nomine
1061 1878 1300 1924 Romanus
1320 1877 1368 1922 in
1391 1877 1601 1923 Uticensi
1621 1894 1759 1941 grege

358 1950 739 2009 conversabatur,
767 1954 849 2017 qui
886 1954 1116 2000 instinctu
1148 1953 1376 2000 daemonis
1404 1954 1645 2009 staminia,
1684 1952 1759 2000 fe-

359 2027 552 2073 moralia
594 2039 642 2075 et
669 2040 835 2076 caetera
869 2030 1134 2095 hujusmodi
1167 2031 1431 2078 furabatur.
1469 2030 1561 2091 Qui
1590 2030 1704 2077 dum
1735 2048 1759 2075 a

358 2113 490 2165 patre
510 2105 772 2154 Teoderico
790 2125 874 2153 cur
894 2109 1000 2154 talia
1020 2108 1228 2156 facinora
1250 2118 1542 2174 perpetraret
1556 2144 1567 2165 ,
1592 2109 1759 2170 saepius

358 2181 703 2245 corriperetur,
744 2185 944 2232 omnino
975 2185 1159 2231 furtum
1198 2204 1245 2232 se
1281 2186 1440 2232 fecisse
1472 2183 1756 2249 denegabat,

359 2258 488 2321 quod
508 2261 748 2308 multoties
776 2262 915 2325 paulo
939 2272 1047 2326 post
1069 2262 1400 2310 confitebatur.
1433 2261 1644 2322 Quadam
1672 2279 1757 2307 au-

360 2346 455 2382 tem
483 2349 623 2385 nocte
650 2338 763 2384 dum
793 2339 840 2385 in
874 2339 996 2386 lecto
1031 2357 1114 2386 suo
1141 2342 1339 2403 jaceret,
1382 2349 1595 2403 arreptus
1631 2350 1698 2386 est
1733 2357 1756 2383 a

404 2509 453 2553 (1)
472 2510 523 2543 Co
537 2521 759 2556 personuage
778 2516 885 2556 ayant
904 2512 1037 2557 e'pouse
1055 2510 1229 2554 Hadvise,
1251 2512 1339 2545 ctait
1357 2510 1495 2545 devenu
1514 2511 1547 2546 le
1561 2510 1758 2555 beau-perc

361 2566 548 2611 ‹l'Hugues
566 2575 602 2602 et
616 2568 660 2602 de
681 2568 840 2612 Robert,
861 2581 914 2603 scs
933 2569 1074 2603 enfants
1093 2569 1141 2603 du
1160 2570 1320 2616 premier
1338 2569 1390 2604 lit.

408 2625 456 2669 (9.)
476 2626 522 2659 Le
540 2625 667 2660 Talon.
689 2628 790 2661 Ainsi
810 2640 881 2674 quc
912 2640 1002 2662 nous
1026 2628 1158 2662 l⁷avons
1185 2628 1264 2673 dij
1284 2628 1474 2674 remarque
1496 2625 1655 2663 ailleurs,
1682 2625 1757 2657 Ma-

365 2684 525 2727 nonvillc,
548 2688 663 2731 patric
679 2687 725 2721 du
746 2688 995 2722 bicnlwurvux
1017 2689 1183 2731 Thierri,
1208 2689 1467 2735 11⁷appartenait
1489 2698 1548 2731 pas
1567 2698 1611 2719 au
1626 2685 1753 2719 Talon.

368 2745 452 2778 mais
467 2747 485 2778 a
507 2758 538 2777 sa
560 2745 743 2780 frondi-w
