1951 3194
154 221 292 270 [1066]
660 219 813 258 LIBER
842 219 1076 258 warlus,
1501 224 1575 261 127

153 298 332 346 turbati
348 298 539 345 fuerant
555 299 604 345 in
623 301 718 363 ejus
737 299 984 347 electione.
1001 299 1129 345 Duos
1145 298 1273 346 enim
1290 297 1573 358 monachos,

152 378 235 443 qui
283 376 540 442 religione,
579 378 860 442 geminaque
911 376 1104 424 scientia
1137 374 1383 440 pollebant
1400 412 1412 433 ,
1462 377 1578 423 Rai-

152 456 345 502 naldum
379 455 558 503 scilicet
597 455 654 502 de
677 457 839 519 Rupe,
878 465 925 501 et
958 454 1220 501 Fulconem
1252 454 1309 501 de
1346 455 1578 502 Warlen—

152 533 262 580 villa
287 534 361 597 (1)
397 533 454 579 ad
490 534 560 579 sui
597 533 802 598 regimen
843 532 1105 596 elegerant,
1148 531 1348 597 ideoque
1389 530 1448 578 ab
1492 550 1572 591 eo,

151 610 234 675 qui
263 627 349 673 per
374 609 653 674 pontificem
677 619 724 656 et
745 608 928 654 vicinos
964 608 1064 654 sine
1102 607 1300 655 illorum
1342 626 1576 656 consensu

151 687 521 751 praeferebatur,
537 704 636 734 non
661 686 903 733 modicum
925 683 1234 733 desciverant.
1255 687 1388 751 Saepe
1411 688 1458 733 in
1481 687 1575 733 hu-

147 766 355 829 jusmodi
389 766 583 829 negotio
620 782 704 828 per
737 764 994 812 deteriores
1029 765 1146 812 oriri
1189 765 1308 812 solet
1343 765 1574 813 turbatio.

154 844 276 890 Nam
295 844 411 890 dum
433 842 642 907 improbi
665 861 796 889 suam
826 843 1062 891 violenter
1084 860 1368 907 praeponere
1391 855 1578 891 senten-

154 922 267 968 tiam
304 921 555 978 nituntur,
582 921 810 986 regularis
847 920 997 978 ordo,
1033 921 1283 986 saniusque
1323 922 1577 968 consilium

154 998 395 1045 multoties
419 998 766 1062 impediuntur.
794 998 1109 1062 Omnipotens
1130 1015 1245 1045 vero
1267 998 1391 1045 Deus
1409 999 1578 1046 Eccle-

155 1076 270 1121 siam
295 1093 426 1121 suam
456 1076 505 1121 in
534 1076 667 1123 omni
700 1093 916 1139 pressura
941 1085 1164 1139 potenter
1180 1077 1414 1141 protegit,
1437 1086 1484 1122 ct
1502 1093 1575 1123 er-

154 1163 313 1200 rantes
335 1153 535 1217 corrigit
552 1189 564 1210 ,
592 1169 644 1200 ac
666 1154 983 1200 necessarium
1014 1154 1223 1201 solamen
1249 1155 1372 1200 sicut
1395 1155 1499 1202 vult
1529 1166 1577 1202 et

154 1248 240 1294 per
278 1247 397 1293 quos
420 1230 526 1276 vult
553 1230 811 1277 clementer
832 1231 1055 1295 porrigit.
1089 1231 1203 1294 Ejus
1232 1231 1389 1295 itaque
1413 1233 1579 1295 provi-

155 1308 315 1354 dentia
335 1307 589 1371 praefatum
615 1309 900 1355 Mainerium
922 1309 997 1371 (ut
1018 1320 1176 1373 postea
1197 1309 1380 1374 liquido
1405 1311 1577 1374 patuit)

156 1385 212 1431 ad
236 1384 603 1450 gubernandum
626 1386 848 1433 Uticense
874 1387 1174 1443 coenobium,
1199 1386 1330 1452 quod
1357 1388 1406 1433 in
1426 1388 1576 1434 sterili

156 1481 267 1510 rure
291 1463 417 1509 inter
446 1464 759 1528 nequissimos
786 1464 1122 1528 compatriotas
1148 1464 1291 1509 situm
1315 1474 1437 1521 erat,
1463 1482 1576 1528 pro-

157 1541 327 1589 movit.
353 1542 468 1587 Erat
499 1541 627 1588 enim
662 1540 719 1587 de
742 1541 970 1606 contiguo
996 1541 1188 1587 castello
1203 1576 1215 1597 ‚
1241 1541 1368 1605 quod
1403 1541 1579 1588 dicitur

157 1619 469 1678 Escalfoium,
495 1618 751 1676 oriundus,
778 1620 1081 1684 grammatica
1101 1655 1113 1676 ‚
1137 1619 1376 1666 dialectica
1395 1630 1441 1667 et
1465 1620 1580 1668 rhe-

158 1698 307 1745 torica
332 1697 511 1743 affatim
532 1697 770 1755 imbutus,
797 1697 853 1744 ad
871 1698 1120 1745 resecanda
1143 1699 1255 1744 vitia
1281 1699 1426 1746 solers
1446 1709 1492 1746 et
1515 1716 1580 1746 se-

157 1795 322 1835 verus,
355 1778 413 1824 ad
444 1778 714 1825 inserendas
737 1789 784 1826 et
814 1778 1098 1825 intimandas
1126 1780 1355 1827 fratribus
1378 1781 1580 1828 virtutes

157 1854 383 1902 fervidus.
411 1855 701 1904 Observator
719 1858 969 1904 monastici
991 1856 1171 1903 ordinis
1196 1857 1430 1916 assiduus,
1455 1875 1580 1904 com-

158 1933 310 1978 missis
339 1932 426 1978 sibi
450 1934 576 1980 viam
608 1935 719 1980 vitae
746 1934 1046 1981 monstrabat
1072 1934 1227 1981 verbis
1253 1945 1300 1982 et
1322 1934 1545 1999 operibus
1563 1972 1577 1995 ,

159 2009 519 2074 multorumque
541 2010 598 2056 ad
616 2010 911 2075 operandum
936 2011 985 2057 in
1005 2012 1141 2058 vinea
1161 2011 1354 2059 Domini
1374 2010 1581 2059 Sabaoth

162 2088 387 2135 incitator
409 2088 561 2134 factus
580 2099 650 2135 est
672 2099 718 2135 et
743 2089 947 2153 praevius
960 2126 973 2147 ‚
996 2107 1247 2155 comesque
1265 2090 1512 2137 sollicitus.

227 2166 316 2212 Hic
333 2166 482 2230 coepit
502 2184 675 2214 novam
693 2165 934 2214 basilicam
952 2169 1002 2214 in
1021 2168 1206 2216 honore
1224 2179 1398 2215 sanctae
1418 2169 1582 2215 Mariae

163 2244 326 2288 matris
348 2244 541 2290 Domini
576 2255 622 2291 et
648 2246 795 2291 sancti
821 2247 948 2292 Petri
975 2246 1175 2310 apostoli
1207 2264 1259 2292 ac
1284 2247 1432 2292 sancti
1462 2263 1579 2293 con-

163 2319 351 2366 fessoris
377 2321 566 2367 Ebrulfi
583 2357 595 2378 ,
624 2321 786 2388 ibique
805 2333 985 2387 septem
1008 2323 1170 2370 altaria
1190 2333 1300 2369 sunt
1326 2324 1375 2369 in
1396 2322 1580 2370 honore

165 2406 439 2442 sanctorum
477 2411 746 2446 consecrata
777 2399 952 2446 (livinae
986 2401 1233 2464 majestati.
1272 2400 1418 2448 Vetus
1451 2400 1580 2446 enim

164 2472 378 2531 ecclesia,
405 2490 548 2536 quam
573 2475 620 2521 S.
652 2475 901 2534 Ebrulfus,
925 2477 1170 2541 Hilperico
1199 2487 1244 2523 et
1277 2488 1451 2539 nepote
1482 2478 1580 2539 ejus

214 2659 262 2702 (1)
288 2658 567 2697 Guernauville,
589 2661 671 2705 pres
689 2661 856 2695 Rreteuil.
881 2663 1002 2707 Voyez
1018 2662 1050 2695 le
1069 2663 1186 2697 meme
1203 2674 1429 2710 personnage
1448 2664 1579 2698 ci-des-

172 2727 246 2755 susq
269 2729 304 2762 p.
330 2719 403 2751 103.v
