1951 3194
130 284 267 331 [1050]
620 280 771 318 LIBER
801 282 1035 319 TERTIUS.
1479 285 1529 321 :³9

130 358 500 407 confirmandam
540 370 961 422 praesentaverunt.
1005 359 1088 405 Ille
1127 376 1238 405 vero
1279 361 1531 423 petitiones

132 455 294 485 eorum
313 435 517 483 libenter
534 438 712 500 accepit
722 473 737 496 ,
758 448 804 483 et
822 437 1101 484 donationes
1121 454 1285 483 eorum
1304 438 1534 501 praedicto

135 511 360 560 coenobio
383 512 653 577 benigniter
683 514 927 559 concessit.
957 513 1105 558 Tituli
1132 531 1321 578 quoque
1352 514 1537 576 princi-

133 590 249 654 palis
289 589 534 654 privilegio
576 589 844 636 Uticensem
886 590 1123 635 ecclesiam
1172 590 1443 654 insignivit,
1485 600 1539 635 ut

134 666 280 714 libera
313 678 360 714 et
381 666 438 713 ab
465 666 594 713 omni
618 677 833 713 extranea
862 665 1154 730 subjectione
1184 668 1231 712 in
1256 678 1540 731 perpetuum

136 754 321 790 maneat
362 744 601 789 immunis.
644 743 711 789 De
754 743 983 790 electione
1025 753 1181 788 autem
1223 743 1403 789 abbatis
1447 743 1539 790 loci

136 821 366 885 ejusdem,
399 831 554 867 totum
585 822 815 868 concessit
839 821 1037 868 consilio
1063 820 1292 877 fratrum3
1320 821 1440 866 salva
1472 830 1541 865 ta-

137 918 244 947 men
271 900 494 965 regularis
517 900 778 964 disciplinae
808 901 1019 957 ratione,
1050 899 1095 945 id
1122 910 1191 946 est
1214 910 1266 945 ut
1296 916 1395 945 non
1420 899 1540 945 ami-

138 976 287 1033 eitiae,
321 986 401 1022 aut
433 977 880 1041 consanguinitatis,
909 987 988 1022 aut
1014 986 1139 1022 certe
1164 975 1379 1039 pecuniae
1409 990 1543 1020 amor

138 1063 245 1099 vota
262 1053 537 1117 eligentium
552 1064 842 1117 corrumpat.
862 1053 1075 1118 Denique
1090 1053 1313 1116 praefatus
1326 1052 1547 1116 princeps

142 1130 187 1175 in
213 1128 306 1175 fine
326 1129 590 1176 testamenti
613 1130 703 1177 hoc
726 1130 940 1185 inseruit,
967 1139 1014 1175 et
1033 1128 1103 1174 his
1125 1128 1240 1174 illud
1259 1127 1415 1174 verbis
1439 1145 1546 1173 cor-

139 1205 382 1254 roboravit
414 1225 424 1250 :
464 1208 613 1252 Hanc
636 1207 910 1253 donationis
947 1206 1195 1255 Cartalam
1228 1222 1316 1268 ego
1355 1204 1547 1251 [Viller-

141 1303 245 1330 mus
279 1284 669 1330 Normannorwn
708 1301 863 1329 comes
898 1283 1046 1329 scribi
1066 1280 1211 1346 feci,·
1253 1292 1296 1326 et
1330 1280 1549 1326 manibus

141 1360 493 1425 archiepiscopi
527 1361 957 1424 Rotomagensz‘um
992 1370 1035 1404 et
1072 1359 1429 1424 episcoporum,
1470 1356 1550 1402 ab·

141 1437 393 1500 batumque
428 1455 489 1483 ac
513 1438 818 1502 principum,
855 1453 1054 1500 quorum
1092 1436 1289 1481 nomina
1325 1446 1368 1480 et
1406 1436 1548 1498 signa

141 1515 299 1561 subter
329 1515 505 1579 scripta
536 1514 784 1570 habentur,
813 1514 898 1560 sub
925 1514 1420 1560 excommunicatione
1445 1529 1550 1557 con-

127 1592 429 1657 firmandam
473 1591 681 1648 tradidi,
719 1595 945 1656 quatinus
981 1590 1257 1638 inconvulsa
1293 1599 1337 1635 et
1371 1590 1552 1653 astipu-

144 1669 246 1714 lata
273 1667 381 1714 lzinc
413 1678 456 1714 et
485 1670 534 1714 in
566 1669 797 1732 reliquum
816 1679 1102 1733 permaneat
1117 1690 1137 1722 ;
1167 1679 1217 1712 ut
1239 1669 1279 1713 si
1310 1666 1416 1729 quis
1444 1682 1549 1710 eam

144 1742 401 1809 infringere
425 1748 807 1810 praesumpserit,
843 1756 927 1791 aut
956 1745 1147 1808 aliquid
1164 1761 1257 1809 per
1281 1761 1330 1789 se
1355 1743 1437 1788 vel
1458 1758 1553 1806 pet·

143 1823 294 1867 alium
325 1839 622 1885 quocumque
650 1823 837 1883 ingenio
864 1822 1093 1867 damnum
1125 1820 1299 1882 inferre
1323 1818 1546 1872 voluerit,

145 1916 206 1943 ex
230 1901 514 1946 auctoritate
535 1899 633 1945 Dei
652 1910 697 1945 et
716 1900 929 1946 omnium
952 1909 1229 1945 sanctorum
1252 1896 1385 1942 omni
1405 1894 1548 1941 chris-

147 1977 366 2022 tianitate
407 1978 476 2037 (si
516 1994 609 2022 non
658 1976 1010 2039 emendaverit)
1052 1975 1544 2029 excommunicatum,

145 2063 189 2097 et
230 2053 280 2098 in
329 2064 558 2098 ceternum
603 2054 909 2100 maledictum
952 2071 1002 2099 se
1042 2053 1235 2100 noverit.
1289 2050 1371 2096 His
1410 2048 1547 2095 dictis

143 2129 422 2176 Willermus
453 2129 547 2176 dux
572 2131 706 2194 signo
737 2131 887 2177 crucis
917 2141 1092 2176 cartam
1115 2130 1332 2194 signavit.
1368 2124 1545 2173 Deinde

144 2206 522 2271 subscripserunt
546 2208 796 2272 Malgerius
830 2208 1206 2272 archiepiscopus
1232 2209 1545 2269 Rotomagen·

148 2283 285 2340 sium,
315 2284 438 2330 filius
461 2285 645 2331 Ricardi
667 2285 962 2332 Gunnoridae
978 2287 1108 2332 ducis
1127 2286 1542 2336 Normannomnn3

150 2361 286 2424 Hugo
316 2363 558 2427 episeopus
584 2365 906 2421 Lexoviensis,
939 2364 1062 2410 filius
1086 2363 1328 2409 Willermi
1363 2360 1546 2406 comitis

147 2437 394 2494 Aucensis3
422 2440 523 2487 Odo
561 2442 803 2505 episcopus
838 2442 1124 2497 Baiocensis,
1154 2439 1367 2485 uterinus
1405 2437 1546 2482 fratei-

149 2513 387 2560 Willermi
429 2515 586 2572 ducis3
618 2518 901 2564 Willermus
936 2518 1178 2581 episcopus
1215 2513 1543 2569 Ebroicensis,

150 2588 271 2635 filius
289 2589 483 2636 Gerardi
507 2592 704 2639 Fleitelli
717 2613 729 2650 ;
756 2593 1047 2640 Gislebertus
1069 2591 1210 2637 abbas
1229 2589 1545 2642 Castellionizffi

150 2667 434 2714 Willermus
458 2679 504 2715 et
524 2668 788 2715 Rodbertus
814 2680 860 2715 et
886 2668 1114 2715 Rodulfus
1140 2667 1223 2712 filii
1252 2666 1439 2722 Geroii3
1469 2684 1551 2710 ne-

152 2755 281 2807 potes
313 2765 477 2793 eorum
517 2748 653 2811 Hugo
689 2747 744 2794 sle
776 2745 1217 2801 Grentemaisnili0‚
1260 2742 1547 2798 Rodbertus‚
