1951 3194
432 298 507 337 284
756 299 998 337 HISTORIA
1030 299 1433 340 ECCLESIASTICA.
1481 302 1842 354 [cmm995-1048]

431 395 603 424 munus
628 376 714 422 sibi
740 395 763 422 a
789 379 889 424 Deo
916 377 1144 424 collatum
1166 389 1410 443 gratanter
1439 392 1770 445 susceperunt,
1796 392 1844 428 et

425 458 558 518 juxta
577 455 721 501 altare
744 465 917 501 sanctae
941 456 1022 502 Dei
1052 457 1296 520 genitricis
1318 457 1482 505 Mariae
1508 459 1556 505 in
1584 459 1842 524 aquilonali

429 542 562 595 parte
592 529 938 578 honorabiliter
973 532 1343 580 collocaverunt.
1378 533 1447 580 Ibi
1476 552 1623 600 usque
1653 535 1792 584 hodie
1818 554 1845 582 a

431 607 646 654 fidelibus
659 620 944 656 veneranter
961 610 1211 667 excolitur,
1233 613 1424 676 ejusque
1438 612 1662 659 festivitas
1679 623 1732 659 11⁰
1747 613 1840 660 kal.

430 686 612 749 augusti
644 686 928 733 celebratur.
966 687 1185 734 Osketelo
1219 699 1377 735 autem
1403 699 1494 735 x11⁰
1518 689 1610 735 kal.
1641 707 1845 738 novem-

428 761 527 807 bris
555 763 575 826 <
585 763 628 825 1)
651 763 906 821 defuncto,
935 764 1168 811 Godricus
1195 766 1432 812 successit.
1462 765 1570 826 Quo
1588 766 1713 812 viam
1729 767 1843 812 uni-

432 858 575 887 versae
595 841 749 887 carnis
764 849 814 887 XO
829 852 895 887 1v⁰
910 842 1002 888 kal.
1021 841 1247 889 februarii
1266 843 1339 906 (2)
1356 841 1667 907 ingrediente,
1690 843 1846 890 Briht-

429 936 586 966 merus
605 918 843 966 abbatiam
864 921 1084 984 suscepit.

494 997 632 1044 Tunc
662 998 890 1062 temporis
914 999 1188 1063 Pegelandae
1207 999 1485 1047 coenobium
1510 1011 1610 1049 erat
1632 1002 1706 1065 (3)
1723 1037 1735 1057 ,
1769 1003 1843 1047 cui

432 1072 605 1121 nobilis
658 1075 732 1120 vir
771 1074 1048 1139 Vulfgeatus
1100 1075 1241 1122 abbas
1279 1090 1498 1141 praeerat.
1535 1079 1637 1125 Illic
1669 1080 1846 1126 etenim

431 1161 587 1198 sancta
610 1152 728 1217 Pega
753 1169 891 1200 soror
911 1154 959 1198 S.
980 1152 1202 1200 Guthlaci
1219 1154 1299 1200 diu
1313 1156 1522 1203 Domino
1541 1157 1842 1204 militaverat.

433 1228 551 1288 Quae
576 1238 831 1293 postquam
851 1230 1146 1276 venerandus
1169 1230 1318 1278 frater
1341 1250 1450 1278 suus
1474 1232 1727 1280 defunctus
1749 1244 1844 1289 est,

433 1306 683 1354 austeriori
703 1306 866 1353 labore
883 1307 1029 1353 vitam
1049 1325 1179 1353 suam
1201 1326 1290 1372 pro
1310 1327 1469 1356 amore
1489 1309 1662 1356 Christi
1680 1311 1850 1357 exami-

433 1402 547 1431 nare
570 1384 679 1431 satis
705 1395 872 1432 conata
897 1396 983 1432 est.
1014 1385 1151 1432 Unde
1174 1387 1375 1433 Romam
1403 1387 1543 1444 adiit,
1576 1397 1850 1435 sanctorum

432 1462 781 1526 Apostolorum
800 1463 965 1510 limina
986 1463 1184 1528 supplex
1200 1482 1289 1528 pro
1310 1482 1356 1511 se
1375 1465 1562 1530 suisque
1579 1465 1846 1529 requisivit,

435 1538 598 1603 ibique
615 1548 685 1586 V1⁰
705 1539 807 1585 idus
820 1540 1025 1604 januarii
1045 1540 1249 1605 gloriose
1267 1542 1414 1587 vitam
1435 1541 1607 1588 finivit.
1630 1542 1684 1588 In
1705 1542 1851 1590 eccle-

434 1618 523 1673 sia,
546 1635 654 1681 quae
675 1617 850 1664 ibidem
877 1619 925 1663 in
946 1617 1130 1665 honore
1152 1621 1250 1682 ejus
1268 1637 1290 1665 a
1311 1618 1527 1666 fidelibus
1550 1619 1740 1666 condita
1761 1630 1847 1677 est,

436 1693 665 1739 tumulata
677 1694 895 1758 quiescit,
909 1694 1166 1759 multisque
1178 1695 1435 1741 virtutibus
1448 1695 1536 1753 his,
1553 1697 1634 1760 qui
1649 1696 1852 1743 fideliter

436 1789 535 1818 eam
561 1772 847 1835 deposcunt,
869 1773 946 1837 pie
964 1791 1242 1820 succurrens
1263 1775 1528 1820 veneranda
1547 1775 1737 1821 nitescit
1755 1775 1847 1839 (4).

501 1850 758 1914 Postquam
796 1848 1095 1897 Brihtmerus
1135 1851 1402 1897 Crulandiae
1442 1851 1583 1897 abbas
1622 1861 1711 1898 V11⁰
1751 1852 1853 1897 idus

436 1927 595 1991 aprilis
616 1928 684 1990 (5)
705 1927 844 1983 obiit,
860 1927 1136 1992 Vulfgeatus
1148 1928 1420 1993 Pegelandee
1434 1940 1568 1993 pater
1582 1928 1853 1975 Eduardum

437 2023 596 2070 regem
620 2005 838 2071 Egelredi
862 2006 1014 2053 filium
1040 2008 1177 2071 petiit
1201 2018 1254 2053 ut
1273 2025 1434 2072 greges
1457 2007 1664 2054 duorum
1688 2024 1854 2054 coeno-

437 2083 630 2129 biorum
662 2084 960 2147 permitteret
986 2085 1209 2142 adunari,
1245 2086 1423 2150 Deique
1455 2085 1513 2131 ad
1547 2084 1730 2132 laudem
1765 2083 1852 2131 sub

439 2179 536 2207 uno
568 2161 737 2209 abbate
770 2174 817 2209 et
845 2162 931 2208 sub
962 2180 1056 2209 una
1087 2163 1186 2228 lege
1219 2182 1370 2209 unum
1394 2173 1684 2210 conventum
1716 2163 1849 2210 effici.

486 2330 536 2375 (ι)
562 2329 616 2363 En
642 2328 740 2363 1005.

487 2390 538 2433 (2)
565 2389 619 2422 En
644 2389 745 2423 1018.

485 2447 540 2492 (5)
566 2448 815 2494 Aujourd⁷hui
832 2448 985 2482 Peakirk
999 2476 1007 2491 ,
1029 2448 1117 2483 dans
1135 2449 1168 2483 lc
1188 2449 1577 2495 Northamptonshire.

487 2508 536 2552 (4)
563 2506 624 2542 On
647 2507 747 2553 place
761 2520 804 2542 en
823 2520 889 2554 7¹7
909 2507 942 2542 lc
966 2520 1100 2555 voyage
1119 2507 1163 2542 de
1184 2509 1298 2542 sainte
1318 2509 1413 2555 pega
1432 2510 1451 2541 ἐι
1468 2507 1596 2542 Rome.
1624 2506 1684 2541 On
1704 2518 1749 2540 nc
1768 2518 1853 2552 pos-

441 2566 525 2600 sede
543 2579 663 2601 aucun
680 2569 976 2615 renseignement
995 2580 1056 2602 sur
1069 2568 1237 2616 l’dpoque
1258 2569 1302 2603 (lc
1326 2581 1362 2602 sa
1378 2575 1494 2608 mort,
1512 2580 1585 2601 non
1604 2566 1684 2614 plus
1703 2578 1774 2613 quc
1793 2578 1854 2600 sur

444 2624 475 2657 h·
494 2625 590 2659 culte
608 2627 670 2673 qui
686 2626 738 2660 lui
757 2628 874 2661 aurait
893 2629 949 2661 etc
972 2627 1086 2662 rcndu
1105 2640 1151 2662 ou
1174 2628 1309 2675 l’bglise
1323 2629 1386 2676 qui
1402 2628 1520 2661 aui-ait
1540 2628 1596 2661 ete
1612 2625 1706 2659 baitic
1724 2638 1768 2659 cn
1789 2637 1854 2659 son

449 2684 614 2717 honneur
635 2684 723 2719 dans
744 2692 836 2720 cette
858 2686 952 2721 ville.
970 2687 1093 2733 Voycz
1114 2689 1131 2721 a
1151 2700 1189 2721 cc
1210 2688 1301 2733 sujct
1326 2688 1356 2721 lc
1378 2686 1509 2721 recueil
1532 2685 1593 2720 dee
1618 2683 1855 2718 Bollandistvs·

446 2746 455 2773 s
468 2744 487 2773 ts*
505 2742 677 2787 jnuvicr).

494 2801 541 2833 33*
571 2804 620 2836 lin
650 2807 742 2845 μήθ.
