1951 3194
296 225 372 264 142
662 224 903 263 HISTORIA
933 223 1336 265 ECCLESIASTICA.
1437 227 1708 279 [1031-1108]

293 302 547 351 clientibus
576 301 762 349 Radulfi
790 302 847 348 de
871 301 1086 349 Caldreio
1102 339 1115 359 ‚
1143 304 1224 368 qui
1250 314 1365 352 tunc
1388 307 1615 371 temporis
1639 307 1709 353 in-

294 393 368 428 ter
390 380 656 444 praecipuos
691 378 864 424 milites
894 377 1156 426 habebatur
1193 379 1241 426 iu
1274 383 1482 428 exercitu
1504 383 1704 430 Gallico.

294 458 433 506 Miles
459 458 616 521 itaque
648 456 873 520 praefatus
892 456 973 503 tali
998 457 1153 521 praeda
1179 457 1310 506 valde
1334 461 1514 524 gavisus
1538 471 1631 517 est,
1663 472 1710 508 et

294 537 342 582 in
362 533 552 582 ecclesia
564 533 724 579 Sancti
746 533 942 579 Martini
966 552 990 579 a
1015 534 1296 600 presbytero
1323 546 1370 582 et
1387 536 1710 600 parrochianis

292 613 499 661 studiose
519 612 801 659 collocatum
824 622 890 659 est
903 649 918 672 ,
928 615 1120 678 jamque
1140 613 1314 661 ibidem
1331 614 1435 678 plus
1454 631 1595 679 quam
1612 631 1711 662 Lxx

293 691 429 738 annis
447 689 782 737 venerabiliter
800 701 1038 737 servatum
1053 701 1138 738 est.
1161 693 1413 739 Innumera
1437 691 1553 738 inihi
1571 709 1712 756 super

294 767 512 815 infirmos
537 766 763 814 miracula
788 766 908 813 facta
945 778 1057 814 sunt
1072 804 1085 825 ‚
1116 779 1162 815 et
1184 786 1330 833 usque
1367 768 1505 815 hodie
1529 785 1714 833 prome-

294 857 431 894 rente
455 845 724 910 petentium
747 845 838 893 fide
853 847 928 910 (ut
953 856 1051 893 tota
1073 846 1289 893 vicinitas
1313 846 1591 910 adtestatur)
1612 846 1713 893 fre*

295 935 500 990 quenter
518 923 659 970 fiunt.

359 1005 429 1050 De
452 1002 761 1049 translatione
793 1003 909 1048 sacri
943 1002 1181 1066 corporiS,
1208 1020 1351 1067 quam
1386 1001 1596 1049 breviter
1636 1000 1713 1047 hic

296 1080 441 1128 modo
466 1080 706 1144 tetigimus
723 1115 736 1136 ‚
767 1090 814 1125 et
838 1079 895 1126 de
921 1080 1139 1143 plurimis
1164 1097 1271 1144 quae
1295 1081 1459 1126 Parnis
1479 1096 1713 1144 provene-

294 1169 412 1205 runt.
448 1157 752 1204 infirmorum
784 1156 1085 1213 sanitatibus,
1118 1157 1396 1204 Merulensis
1433 1156 1713 1204 Willermus

294 1234 577 1282 venerabilis
600 1232 861 1280 monachus
883 1245 930 1280 et
961 1233 1173 1281 sacerdos
1203 1235 1442 1299 egregium
1475 1234 1711 1280 dictamen

294 1313 468 1369 edidit,
508 1312 556 1358 in
580 1328 677 1376 quo
699 1312 929 1358 veraciter
953 1321 998 1358 et
1031 1311 1298 1359 luculenter
1319 1311 1376 1358 de
1401 1311 1534 1357 miris
1571 1328 1714 1357 even-

295 1389 422 1436 tibus
443 1389 499 1436 ad
516 1407 641 1435 sacra
659 1407 757 1436 ossa
777 1389 916 1453 gestis
939 1388 1174 1436 disseruit.
1196 1388 1440 1454 Philippus
1463 1407 1547 1436 rex
1568 1390 1712 1434 Fran-

296 1486 463 1515 corum
492 1467 691 1514 biennio
723 1465 1036 1524 febricitavit,
1060 1485 1146 1514 nec
1171 1467 1263 1513 ulla
1293 1468 1588 1515 medicorum
1612 1477 1713 1513 arte

295 1545 446 1591 sanari
462 1544 639 1608 potuit.
659 1543 796 1590 Unde
809 1553 917 1606 post
933 1542 1182 1590 biennium
1196 1544 1527 1600 Parnasvenit,
1544 1561 1714 1608 aquam

296 1632 425 1667 tactu
449 1620 760 1684 reliquiarum
779 1620 927 1666 sancti
951 1619 1118 1666 Judoci
1144 1620 1481 1666 sanctificatam
1499 1619 1642 1680 bibit,
1668 1630 1715 1666 et

298 1699 424 1746 binis
439 1697 661 1746 noctibus
680 1709 789 1745 ante
803 1709 1017 1744 sanctum
1037 1716 1207 1763 corpus
1232 1699 1279 1744 in
1299 1697 1596 1746 orationibus
1614 1716 1717 1762 per-

299 1777 535 1834 metavit,
567 1775 726 1840 ibique
755 1777 1003 1823 sanitatem
1037 1776 1201 1823 dolore
1225 1787 1434 1823 cessante
1462 1794 1717 1841 recupera-

298 1856 385 1901 vit.
409 1856 605 1901 sanatus
629 1865 786 1901 autem
805 1872 889 1901 rex
910 1871 935 1899 L
954 1854 1128 1902 solidos
1152 1855 1528 1902 Pontesiensium
1554 1864 1718 1902 sancto

298 1932 482 1979 Judoco
509 1929 717 1988 obtulit,
757 1941 804 1978 et
834 1931 1070 1977 nundinas
1103 1932 1217 1979 feria
1252 1932 1389 1979 tertia
1419 1933 1716 1980 Pentecostes

300 2009 527 2057 celebrari
547 2009 743 2074 singulis
766 2010 901 2056 annis
915 2007 1091 2056 ibidem
1107 2010 1155 2056 in
1177 2009 1361 2057 honore
1380 2010 1527 2056 sancti
1546 2010 1571 2056 J
1577 2009 1714 2056 ueloci

299 2089 492 2145 annuit,
535 2098 582 2134 et
623 2087 790 2152 regalis
833 2088 1126 2133 auctoritatis
1172 2088 1494 2152 praeceptione
1533 2087 1716 2134 consti-

299 2169 392 2215 tuit
417 2168 504 2230 (ι).

347 2368 397 2412 (1)
422 2365 523 2399 Nous
540 2364 686 2398 n’avons
706 2376 755 2409 pu
774 2371 965 2398 retrouver
983 2365 1071 2399 dans
1098 2365 1147 2399 les
1167 2365 1363 2399 historiens
1391 2365 1547 2413 francais
1573 2377 1714 2400 aucune

301 2435 400 2461 trace
417 2426 461 2460 de
485 2437 525 2460 ce
548 2424 757 2471 pele1·inage
776 2424 821 2458 de
842 2424 1012 2472 Philippe
1039 2426 1083 2460 ΙΝ
1106 2427 1124 2460 a
1142 2426 1293 2469 Parnes,
1320 2427 1357 2460 ni
1381 2426 1426 2461 de
1453 2426 1485 2461 la
1504 2426 1713 2461 concession

303 2486 367 2533 qui
388 2498 433 2520 en
450 2485 507 2520 fut
525 2484 558 2518 la
577 2484 683 2518 suite.
703 2485 734 2518 A
754 2483 786 2517 la
804 2484 936 2526 verite,
964 2496 1056 2518 nous
1075 2484 1110 2518 le
1128 2496 1279 2519 veri-ons
1298 2485 1500 2520 ci·dessous
1513 2497 1558 2519 en
1576 2485 1678 2531 proie
1695 2486 1715 2518 ἐι

302 2545 484 2591 plusieurs
502 2543 674 2578 maladies
691 2542 954 2578 douloureuses
971 2550 1007 2578 et
1018 2543 1268 2591 degoutantes,
1285 2545 1397 2591 qu'on
1411 2544 1563 2592 regarda
1574 2555 1715 2578 comme

304 2605 337 2638 le
356 2604 558 2638 chatiment
576 2603 620 2637 de
647 2614 682 2636 sa
707 2602 836 2637 liaison
856 2602 1020 2638 adultere
1043 2617 1125 2639 avec
1144 2604 1318 2639 Rern-ade
1338 2605 1383 2639 de
1401 2604 1598 2646 Montsort‚
1623 2603 1713 2637 mais

303 2663 366 2708 qui
385 2675 431 2697 ne
456 2670 614 2708 peuvent
634 2662 712 2698 &tre
736 2662 960 2698 consondues
989 2675 1073 2698 avec
1101 2665 1133 2699 la
1160 2665 1265 2699 sii‘vre
1285 2665 1549 2699 intermittente
1575 2662 1665 2697 dont
1686 2663 1712 2697 il

304 2723 405 2768 s'agit
428 2723 484 2755 ici.
