1951 3194
602 186 754 225 LIBER
785 185 1028 234 QUINTUs.
1442 184 1520 222 415

106 266 368 332 Pantulfus
394 278 436 313 et
454 267 602 331 Hugo
622 265 682 312 de
699 263 960 312 Mesdcwid
975 264 1046 327 (1)
1058 300 1073 321 2
1102 262 1284 326 aliique
1307 261 1520 308 homines

107 346 202 392 mei
237 345 464 391 hactenus
501 354 670 390 sancto
704 341 912 404 Ebrulfo
953 342 1003 386 in
1043 339 1228 403 Anglia
1260 355 1343 385 seu
1383 338 1523 385 Νον-

109 423 307 469 mannia
346 421 594 467 dederunt.
630 420 754 466 Haec
787 420 974 475 omnia,
1010 416 1376 464 concedentibus
1394 417 1523 477 filiis

110 503 225 547 meis
249 500 452 547 Roberto
477 499 538 545 de
555 498 783 545 Bellismo
809 508 852 543 et
867 498 1077 560 Hugone
1104 507 1247 560 atque
1262 494 1521 559 Philippo,

101 598 193 645 pro
220 579 545 643 redemptione
570 576 749 622 anima>
776 592 892 620 τηρεε
920 585 963 620 et
982 574 1207 619 Mabilioe
1235 590 1296 619 uc
1320 571 1525 618 Adelai-

107 657 183 702 slis
221 656 482 719 conjugum
514 670 750 710 mearum,
785 668 1090 714 meorumque
1111 649 1525 715 *prcedecessorum

108 746 251 797 (itque
252 731 531 798 futurorum
542 730 802 787 haeredum,
819 730 868 775 in
883 740 1138 792 conspectu
1149 729 1245 773 Dei
1256 729 1327 774 sic
1342 744 1524 784 annuo,

110 822 153 856 et
174 811 262 857 lzoc
285 819 616 855 testamentum
635 810 773 871 signo
796 817 978 852 sanctoe
1003 807 1172 852 Crucis
1193 806 1420 865 confirmo
1433 843 1449 863 ,
1479 816 1527 851 ut

110 889 396 951 quicumque
420 884 616 948 aliquid
638 902 700 930 ex
725 884 798 931 lzis
825 884 1143 939 imminuerit,
1182 883 1426 945 itfi‘egerit
1453 883 1529 929 vel

111 965 384 1021 abstulerit,
414 963 671 1009 anathema
696 964 771 1010 sit.

176 1044 278 1090 Hoc
308 1043 467 1105 itaque
500 1050 834 1088 testamentum
858 1039 1090 1104 Rogerius
1122 1055 1278 1085 comes
1301 1037 1444 1095 fecit,
1477 1055 1528 1084 ac

112 1118 457 1167 subscribendo
488 1116 846 1174 corroboravit,
880 1128 927 1163 et
955 1127 1063 1181 post
1093 1133 1201 1163 eum
1232 1115 1355 1180 apud
1377 1115 1525 1163 Alen-

115 1199 303 1244 cionem
337 1195 719 1259 subscripserunt
751 1194 837 1240 filii
873 1196 970 1259 ejus
1009 1192 1280 1240 Rodbertus
1314 1203 1360 1240 et
1392 1194 1532 1258 Hugo

115 1285 256 1339 atque
286 1272 531 1336 Philippus
565 1271 925 1336 grammaticus,
959 1270 1132 1334 aliique
1166 1287 1387 1334 proceres
1417 1270 1486 1315 sui
1520 1290 1529 1315 :

117 1350 388 1399 Rodbertus
408 1349 634 1397 Tedbaldi
658 1348 808 1406 filius,
839 1359 887 1395 et
904 1349 1049 1413 Hugo
1078 1348 1201 1394 filius
1230 1350 1354 1412 ejus,
1388 1347 1535 1395 Gisle-

117 1430 280 1478 bertus
317 1428 615 1476 conestabilis
642 1438 688 1475 et
722 1429 860 1493 Hug'o
884 1427 1087 1492 Turgini
1117 1426 1273 1486 filius,
1301 1426 1449 1474 Fulco
1478 1426 1535 1473 de

119 1510 239 1555 Pino
276 1509 348 1573 (2)
390 1519 437 1554 et
476 1506 795 1572 Engelbertus
831 1506 1142 1570 praepositus‚
1186 1504 1442 1551 Rainaldus
1479 1503 1538 1552 de

119 1586 270 1633 Bailol
294 1596 341 1632 et
364 1584 647 1632 Guillelmus
664 1584 931 1641 Pantulfus‚
954 1583 1058 1630 Odo
1079 1583 1135 1630 de
1154 1583 1340 1641 Pireto,
1364 1583 1538 1649 aliique

121 1665 296 1728 plures.

186 1741 300 1789 XIV
309 1776 318 1785 .
330 1741 562 1786 Praeterea
578 1740 809 1804 Rogerius
820 1756 975 1786 comes
988 1740 1135 1785 multa
1147 1738 1277 1784 dedit
1288 1738 1388 1784 aliis
1399 1739 1539 1785 eccle-

124 1820 201 1865 siis
220 1840 229 1864 :
248 1818 561 1874 Tmaruensi,
584 1818 810 1881 Sagiensi,
833 1817 1193 1873 Almaniseensi,
1216 1816 1536 1875 Cluniaeensi,

126 1896 403 1942 Cadomensi
418 1931 432 1953 ,
458 1894 653 1958 aliisque
677 1894 919 1957 plurimis,
941 1894 998 1940 de
1019 1894 1221 1957 acceptis
1245 1892 1536 1950 honoribus,

127 1991 244 2038 quos
274 1972 331 2018 de
364 1983 559 2035 paterna
588 1970 861 2017 haereditate
891 1987 991 2018 non
1023 1981 1092 2017 est
1123 1969 1335 2033 adeptus.
1368 1970 1542 2017 Coeno-

127 2052 259 2097 bium
285 2067 477 2115 quoque
496 2066 700 2106 novum,
725 2049 781 2094 ad
808 2048 1086 2096 orientalem
1113 2058 1301 2112 portam
1331 2049 1541 2112 propria}

129 2127 261 2174 urbis
282 2149 291 2174 :
314 2127 360 2174 id
377 2137 445 2174 est
462 2125 815 2174 scrobesburiae
838 2126 907 2190 (3)
922 2161 935 2183 ‚
964 2127 1013 2172 in
1039 2125 1222 2172 honore
1246 2126 1392 2171 sancti
1414 2126 1540 2172 Petri

129 2206 359 2270 principis
381 2204 725 2269 Apostolorum
747 2204 894 2268 coepit
921 2203 1152 2251 aedifioare
1177 2222 1317 2268 super
1341 2203 1542 2251 fluvium

181 2446 230 2489 (1)
256 2444 357 2478 Nous
371 2455 479 2477 avons
497 2456 542 2477 vu
558 2443 735 2478 ci—dessus
755 2443 965 2479 Guillaume
983 2443 1149 2478 Pantoul.
1167 2463 1212 2469 —
1231 2444 1382 2491 Hugues
1400 2444 1445 2480 de
1464 2445 1543 2480 Me-=

135 2504 228 2538 (lavi.

182 2573 232 2617 (2)
256 2570 538 2606 Probablement
553 2571 586 2605 le
604 2572 692 2615 Pin,
709 2577 811 2606 entre
826 2570 1016 2616 Mortagne
1031 2578 1066 2605 et
1084 2570 1251 2606 Belleme.

184 2638 234 2685 (5)
262 2641 289 2674 A
307 2638 560 2684 Shrewsbury.
