1951 3194
356 288 407 326 26
721 285 964 324 HISTORIA
994 283 1398 323 ECCLESIASTICA.
1517 288 1627 334 [ANTE
1646 289 1766 336 1050]

354 364 451 412 dies
476 364 727 410 defunctus
753 374 822 411 est
847 364 938 426 (1).
965 361 1248 409 Willermus
1274 362 1322 408 in
1347 363 1516 409 ordine
1542 363 1769 409 nativita-

355 442 414 488 tis
437 440 669 489 secundus
697 440 780 487 diu
805 440 947 496 vixit,
974 439 1203 504 omnique
1227 439 1323 485 vita
1352 457 1430 485 sua
1456 441 1639 487 cunctis
1667 439 1768 486 fra-

354 518 509 565 tribus
533 519 626 565 suis
654 517 920 582 imperavit.
947 518 1063 564 Erat
1085 517 1213 564 enim
1238 516 1445 562 multum
1465 517 1697 564 facundus
1722 528 1770 564 et

346 600 563 662 jocosus,
600 597 756 660 largus
793 606 840 642 et
884 595 1124 643 animosus
1140 631 1153 652 ,
1196 594 1418 659 subjectis
1460 596 1684 643 amandus
1722 607 1770 642 et

351 674 652 723 obstantibus
683 673 1031 721 formidandus.
1067 673 1236 720 Nullus
1269 674 1541 720 vicinorum
1570 673 1771 720 audebat

353 765 530 801 terram
556 756 653 817 ejus
677 753 777 800 ullo
797 752 943 800 modo
970 751 1207 809 invadere,
1234 768 1322 798 nec
1348 751 1554 816 aliquam
1578 751 1770 815 inquie-

358 830 533 876 tudinis
554 829 946 876 consuetudinem
960 828 1019 874 ab
1033 827 1310 875 hominibus
1326 830 1363 891 ej
1371 845 1421 874 us
1436 828 1637 892 exigere.
1655 827 1772 890 Epi-

353 908 560 972 scopales
573 907 935 956 consuetudines
953 910 1001 954 in
1019 917 1123 955 toto
1139 906 1465 953 Monasterioli
1485 916 1532 952 et
1544 904 1770 952 Esealfoii

352 986 504 1034 fundo
545 986 774 1043 habebat,
818 1004 905 1033 nee
944 985 1068 1031 ullus
1106 983 1555 1030 archidiaconorum
1595 981 1770 1029 ibidem

351 1063 656 1130 presbyteros
695 1064 900 1128 ejusdem
936 1063 1133 1110 honoris
1169 1062 1515 1108 circumvenire
1551 1059 1768 1107 audebat.

352 1143 471 1189 Nam
501 1144 705 1190 Geroius
732 1154 867 1207 pater
901 1145 997 1207 ejus
1013 1178 1026 1199 ,
1063 1152 1318 1206 postquam
1348 1139 1575 1204 Helgonis
1605 1138 1772 1185 fiscum

350 1221 429 1283 (ut
451 1221 776 1284 supradictum
802 1221 906 1283 est)
938 1218 1178 1276 obtinuit,
1212 1217 1389 1264 incolas
1415 1218 1540 1263 illius
1572 1217 1739 1280 patriae
1755 1252 1768 1272 ,

350 1297 408 1344 de
430 1315 528 1362 quo
552 1299 826 1362 episcopatu
852 1308 1032 1354 essent,
1064 1296 1330 1361 inquisivit.
1359 1295 1432 1341 Illi
1455 1304 1613 1341 autem
1637 1294 1773 1340 dixe-

351 1384 468 1420 runt
490 1391 538 1421 se
561 1374 739 1421 nullius
760 1375 1056 1439 episcopatus
1082 1390 1197 1421 esse.
1224 1372 1289 1419 At
1311 1373 1390 1419 ille
1414 1393 1424 1418 ε
1447 1372 1560 1419 Hoc
1581 1376 1773 1418 omnino

351 1452 584 1516 injustam
600 1464 684 1499 est.
707 1452 855 1499 Absit
870 1471 901 1498 [ι
917 1469 992 1498 me
1011 1463 1060 1497 ιιι
1074 1453 1164 1497 sim
1183 1451 1366 1515 absque
1374 1460 1578 1515 pastore
1596 1449 1772 1513 etjago

351 1530 692 1576 ecclesiasticae
710 1529 1017 1594 disciplina&
1036 1527 1216 1575 Deinde
1234 1529 1340 1593 quis
1362 1528 1635 1574 vicinorum
1653 1542 1773 1589 prae-

353 1605 511 1651 sulum
536 1606 805 1670 religiosior
828 1616 946 1653 esset
970 1605 1268 1669 investigavit
1280 1623 1294 1662 3
1327 1604 1597 1669 agnitisque
1619 1602 1772 1647 virtu-

352 1681 477 1728 tibus
501 1683 694 1748 Rogerii
718 1683 1027 1730 Luxoviensis
1051 1682 1278 1746 episcopi,
1300 1682 1340 1728 ei
1360 1691 1520 1729 totum
1536 1678 1773 1726 honorem

351 1776 490 1805 suum
522 1759 792 1826 subjugavit
806 1780 820 1817 3
848 1772 895 1808 et
918 1760 1189 1807 Baldricum
1212 1760 1269 1807 de
1295 1758 1575 1823 Balgenzaio
1588 1793 1602 1816 ,
1629 1774 1773 1822 gene-

349 1855 523 1901 rosque
555 1855 693 1897 suOS,
729 1839 1059 1886 Wascelinum
1094 1838 1150 1885 de
1185 1840 1338 1885 Ponte
1373 1836 1687 1884 Erchenfredi
1725 1846 1773 1883 et

348 1915 609 1979 Rogerium
627 1915 685 1963 de
703 1917 906 1974 Merula,
934 1926 1083 1964 terras
1107 1934 1227 1974 suas,
1254 1934 1362 1981 quae
1389 1914 1531 1961 simili
1552 1913 1772 1960 libertate

349 1993 696 2050 abutebantur,
738 1997 942 2059 praefato
978 1996 1196 2060 pontifici
1236 1995 1455 2043 similiter
1491 1992 1772 2039 submittere

348 2072 592 2134 persuasit.
614 2073 844 2137 Rogerius
862 2075 1017 2138 itaque
1036 2071 1228 2137 preesul,
1251 2072 1414 2120 videns
1433 2071 1563 2136 quod
1581 2069 1768 2133 praefati

349 2150 599 2213 optimates
623 2149 712 2196 sibi
748 2161 916 2215 sponte
941 2169 1020 2196 sua
1047 2150 1433 2206 humiliarentur,
1463 2146 1768 2212 congratula—

352 2237 425 2271 tus
450 2237 519 2273 est
551 2227 641 2284 eis,
668 2226 891 2292 deditque
916 2228 1219 2292 privilegium
1244 2237 1299 2272 ut
1323 2226 1481 2273 elerici
1508 2235 1647 2271 terrae
1672 2241 1768 2269 suae

351 2321 449 2351 non
487 2305 613 2351 irent
644 2305 701 2350 ad
731 2305 1053 2368 placitandum
1091 2316 1222 2352 extra
1253 2313 1537 2368 potestatem
1570 2319 1765 2357 eorum,

397 2486 408 2529 (
419 2486 447 2530 ι)
465 2485 497 2519 Il
512 2484 722 2521 semblerait
736 2514 745 2530 ‚
766 2485 907 2533 d'apres
932 2494 1037 2521 notre
1052 2493 1195 2529 auteur,
1219 2498 1291 2533 que
1310 2499 1350 2521 ce
1370 2497 1596 2533 personnage
1613 2484 1768 2519 n'aurait

352 2556 412 2589 pas
430 2544 535 2580 laissi:
562 2546 764 2590 d'ensant83
789 2546 993 2593 cependant
1015 2546 1047 2580 la
1066 2546 1242 2581 donation
1270 2559 1315 2580 au
1341 2546 1545 2581 monastere
1568 2544 1612 2579 de
1631 2544 1664 2578 la
1682 2544 1766 2578 Tri-

353 2604 623 2640 nite-du-Mont
641 2605 686 2641 de
703 2606 736 2641 la
754 2613 851 2641 terre
876 2606 920 2641 de
943 2606 1142 2641 Giverville
1158 2607 1170 2651 (
1187 2604 1454 2650 Gm'maelivz‘llcz)
1473 2617 1537 2651 par
1554 2602 1767 2639 Guillaume

351 2655 607 2709 d’Echausour,
621 2674 675 2701 est
689 2667 835 2702 rex-etue
851 2666 896 2701 de
910 2667 943 2701 la
958 2666 1200 2713 souscriptiou
1220 2666 1400 2700 suivante:
1421 2665 1576 2710 Signum
1595 2662 1770 2696 Willelmi

352 2724 421 2762 filii
449 2724 612 2759 Ernoltli
640 2726 685 2760 de
716 2728 946 2770 fllosteriolo,
979 2729 1043 2773 qui
1068 2725 1170 2761 [ledit
1192 2726 1229 2759 S.
1266 2726 1442 2760 Trinllali
1457 2723 1637 2757 decimam
1658 2723 1766 2756 tatius

354 2784 516 2826 quasdem
541 2786 813 2830 Galardt‘vc'lloe,
836 2788 1094 2833 presbyteratu
1117 2794 1151 2822 et
1169 2788 1357 2822 ecclesiam
1377 2783 1491 2820 alodii
1507 2783 1600 2828 jure=
