1951 3194
111 238 254 286 [1077]
610 238 763 276 LIBER
794 239 1036 286 QUINTUS.
1452 244 1527 281 307

176 317 257 363 Ill.
280 317 477 382 [1077.]
499 318 618 378 Quia
635 320 844 382 imperiti
867 318 1084 367 homines
1097 319 1396 367 fraudulenta
1410 339 1532 385 pro—

111 393 333 457 speritate
346 393 486 439 nimis
502 394 818 452 extolluntur,
833 397 1059 460 varioque
1071 395 1404 443 adversitatum
1416 398 1534 445 flatu

111 469 300 535 fragiles
316 481 368 516 ut
382 471 566 518 arundo
585 472 721 518 facile
741 472 826 518 hac
841 484 887 518 et
904 473 1008 519 illac
1027 476 1286 537 agitantur,
1304 475 1408 522 ideo
1426 493 1530 522 mo-

111 546 304 594 derator
323 549 540 594 omnium
559 549 681 595 Deus
699 566 858 612 aspera
874 549 1060 595 blandis
1075 551 1273 613 provide
1291 552 1534 598 intromis-

113 635 205 680 cet,
232 635 286 670 ut
303 625 505 672 mobiles
523 626 799 672 mortalium
818 643 953 671 ausus
970 628 1254 690 comprimat
1269 645 1322 674 ac
1340 628 1535 675 salubri-

114 714 186 750 ter
198 713 448 767 temperet.
467 703 604 750 Unde
617 704 732 749 dum
745 703 1029 750 Guillelmus
1042 721 1121 750 rex
1134 706 1347 752 saeculari
1359 724 1533 771 pompa

113 780 319 828 multum
357 791 563 827 tumeret
579 816 592 837 ‚
638 791 685 827 et
724 781 929 844 populus
971 781 1207 828 Neustriae
1247 784 1536 832 multimodo

113 858 230 904 luxu
250 858 408 905 foedus
436 857 647 905 maderet
663 894 677 917 ,
704 875 792 905 nec
816 857 906 904 sibi
926 858 1089 904 futura
1115 875 1205 922 pro
1231 860 1414 925 ingenti
1438 880 1537 909 sce-

113 936 268 982 lerum
297 937 519 1001 congerie
549 936 850 1000 provideret,
887 935 1114 983 terribilis
1142 938 1346 984 tonitrui
1376 939 1536 1005 fragor

115 1014 163 1059 in
180 1014 450 1061 sanctuario
464 1014 765 1062 Lexoviensis
780 1013 985 1060 basilicae
1000 1016 1268 1078 personuit,
1285 1026 1332 1062 et
1349 1016 1539 1080 plebem

114 1096 164 1138 in
187 1092 380 1140 ecclesia
404 1092 669 1157 pontificali
696 1102 929 1140 astantem
952 1093 1269 1140 intolerabilis
1293 1095 1415 1140 ictus
1440 1094 1540 1143 ful-

113 1169 257 1215 minis
275 1170 551 1233 prostravit.
571 1169 693 1216 Nam
713 1168 924 1234 quodam
944 1170 1200 1217 Dominico
1216 1170 1292 1218 die
1312 1172 1360 1217 in
1380 1183 1540 1219 aestate

114 1246 226 1293 dum
248 1264 386 1293 mane
410 1245 765 1294 celebrarentur
789 1264 932 1293 sacrae
950 1248 1175 1311 mysteria
1193 1248 1372 1304 missae,
1396 1260 1442 1296 et
1462 1250 1540 1295 in-

115 1323 292 1370 fulatus
318 1323 569 1389 presbyter
593 1325 790 1371 nomine
813 1323 1074 1371 Herbertus
1098 1334 1270 1372 astaret
1288 1325 1345 1371 ad
1364 1326 1535 1383 altare,

117 1403 281 1466 ingens
314 1404 580 1450 coruscatio
610 1413 807 1466 repente
839 1402 960 1448 facta
994 1412 1090 1459 est,
1122 1420 1268 1467 quam
1303 1402 1539 1452 formida-

114 1478 223 1526 bilis
239 1498 383 1528 sonus
403 1491 450 1528 et
468 1481 620 1546 gravis
635 1481 754 1526 ictus
774 1480 903 1527 illico
919 1479 1194 1527 subsecutus
1210 1491 1296 1527 est.
1316 1481 1536 1540 Crucem,

116 1576 224 1623 quae
249 1576 389 1622 super
412 1559 653 1622 pulpitum
683 1558 826 1603 turris
850 1556 1003 1603 stabat
1020 1592 1032 1613 ,
1060 1558 1317 1620 percussit,
1350 1558 1539 1607 confre-

114 1637 184 1701 git
217 1647 264 1684 et
296 1637 482 1701 dejecit.
522 1637 703 1684 Deinde
740 1634 1022 1683 terribiliter
1050 1635 1099 1681 in
1142 1635 1294 1683 aedem
1327 1647 1538 1684 sanctam

115 1713 356 1762 descendit
390 1724 438 1761 et
466 1732 607 1779 super
638 1713 930 1760 Crucifixum
967 1714 1138 1769 irruit,
1170 1714 1308 1779 eique
1341 1732 1540 1762 manum

118 1802 165 1838 et
195 1792 364 1856 pedem
391 1793 646 1856 percussit,
684 1791 904 1855 miroque
937 1791 1082 1838 modo
1105 1790 1285 1838 ferreos
1309 1791 1366 1839 de
1398 1810 1538 1840 cruce

119 1869 273 1915 clavos
295 1869 482 1915 evulsit.
511 1868 783 1915 Tenebrosa
806 1867 956 1932 caligo
977 1869 1103 1915 visus
1126 1869 1439 1915 trementium
1460 1869 1541 1917 he-

119 1944 319 2001 betavit,
347 1955 395 1991 et
426 1945 689 1991 scintillans
714 1945 834 2010 ignis
858 1961 944 2008 per
968 1954 1118 1991 totam
1141 1943 1381 1991 basilicam
1405 1946 1540 1994 vola-

118 2022 211 2079 vit,
239 2033 287 2067 et
308 2032 418 2068 octo
444 2021 570 2067 viros
594 2037 834 2085 unamque
857 2020 1107 2068 mulierem
1127 2022 1342 2084 peremit.
1363 2022 1539 2068 Barbas

118 2108 165 2144 et
187 2115 331 2162 penes
354 2098 567 2162 aliosque
591 2097 713 2162 pilos
739 2098 954 2144 virorum
979 2109 1026 2144 et
1048 2098 1305 2144 mulierum
1334 2099 1535 2156 exussit,

119 2176 514 2241 teterrimumque
544 2176 774 2223 foetorem
807 2176 935 2241 vulgi
967 2175 1162 2222 naribus
1200 2176 1394 2223 infudit.
1432 2177 1536 2224 Una

118 2253 290 2301 mulier
330 2253 527 2301 nomine
563 2254 714 2300 Maria
754 2254 800 2300 in
841 2254 1015 2319 angulo
1053 2254 1261 2302 ecclesiae
1301 2273 1400 2302 non
1437 2256 1538 2302 sine

118 2348 291 2396 magno
310 2348 483 2394 pavore
506 2332 663 2389 stetit,
692 2341 945 2396 totumque
967 2331 1200 2395 populum
1224 2332 1355 2395 quasi
1382 2333 1538 2378 exani-

119 2426 244 2455 mem
279 2425 363 2472 per
394 2409 717 2471 pavimentum
746 2411 1007 2471 ¹jacentem,
1042 2425 1214 2472 pavens
1254 2409 1374 2472 ipsa,
1416 2427 1536 2472 pro-

120 2488 287 2550 spexit.

122 2674 362 2719 Canterbury,
384 2674 472 2707 dans
491 2673 609 2719 lequel
636 2673 659 2706 il
684 2673 739 2707 sut
763 2673 905 2708 installc'
925 2673 956 2707 lo
983 2673 1024 2708 25
1045 2675 1263 2720 septembre.
1284 2676 1311 2709 Il
1335 2685 1485 2711 mourut
1508 2678 1537 2712 le

125 2745 161 2765 ιιι
185 2734 271 2767 avril
296 2747 398 2778 ηυξ),
417 2733 505 2766 (lans
526 2745 561 2766 sa
581 2733 931 2767 soixante—seiziemc
952 2736 1076 2767 anuce.
