1951 3194
117 224 383 273 [1071-1072]
589 221 742 259 LIBER
773 222 936 269 Qt‘Alrn
957 226 1027 259 es.
1447 224 1521 261 237

113 300 199 347 sibi
239 299 502 345 Flandriam
543 299 728 364 subegit
762 310 808 346 et
847 299 943 346 fere
980 316 1079 346 xxx
1113 300 1248 345 annis
1284 299 1519 362 possedit,

112 376 461 440 amicitiamque
485 375 690 440 Philippi
717 376 837 441 regis
859 377 1151 422 Francorum
1175 375 1309 421 saeile
1334 393 1520 439 prome-

111 453 209 498 ruit
238 452 332 515 (1).
372 453 459 516 Ipsi
496 470 666 516 nempe
698 455 930 515 majorum
962 453 1146 516 origine
1181 463 1315 499 erant
1347 470 1518 500 conso-

111 529 238 575 brini
254 565 266 585 ‚
289 540 334 576 et
359 529 499 577 ambo
524 532 743 594 conjuges
764 529 996 576 habebant
1020 529 1135 576 filias
1155 530 1384 577 Florentii
1406 531 1518 578 Fre-

109 606 299 652 sionum
330 606 578 663 marchisi,
619 617 665 652 et
700 605 784 651 filii
823 622 988 652 eorum
1024 605 1216 652 vinculo
1250 606 1514 670 hujusmodi

108 682 464 729 necessitudinis
482 681 572 728 huc
591 698 737 745 usque
755 691 980 728 tenentur
995 683 1239 728 constricti
1259 683 1345 745 (2).
1366 684 1517 730 Porro

109 758 235 806 inter
255 759 556 806 Normannos
576 769 623 806 et
645 758 909 805 Flandritas
933 759 1135 805 recidiva
1159 759 1384 807 dissentio
1409 780 1518 825 pro-

106 834 219 892 diit,
255 848 301 882 et
344 846 542 900 propter
577 853 739 883 necem
778 836 936 881 fratris
975 837 1179 901 reginae,
1219 837 1518 904 aliorumque

106 914 340 971 affinium,
375 925 422 961 et
454 916 653 961 maxime
685 932 775 978 pro
807 932 914 960 casu
943 914 1185 961 Guillelmi
1213 904 1400 962 comitis
1434 916 1514 963 diu

104 993 394 1054 perduravit.
422 992 644 1038 Tul-batis
670 993 716 1038 in
744 992 1037 1039 Normannia
1063 992 1203 1040 rebus
1226 1012 1307 1040 rex
1329 994 1513 1059 Angliae

103 1085 302 1132 regnum
336 1071 515 1134 optime
550 1070 807 1135 disposuit,
846 1081 893 1116 et
927 1071 1022 1135 ipse
1059 1071 1106 1116 in
1138 1072 1511 1129 Normanniam,

103 1157 157 1192 ut
185 1146 360 1194 ibidem
393 1150 552 1194 omnia
582 1159 709 1196 recte
737 1158 783 1195 et
812 1148 995 1194 utiliter
1028 1148 1297 1206 edomaret,
1334 1169 1514 1215 prope-

102 1225 241 1272 ravit.
275 1225 450 1272 Audito
482 1225 692 1291 undique
721 1227 842 1291 regis
875 1226 1080 1272 adventu
1119 1228 1243 1291 pacis
1282 1241 1513 1276 amatores

102 1299 245 1346 laetati
277 1313 416 1358 sunt,
451 1302 529 1348 sed
561 1302 645 1348 filii
678 1302 924 1349 discordiae
950 1313 996 1349 et
1027 1303 1141 1349 foedi
1171 1304 1422 1350 sceleribus
1455 1323 1511 1351 ex

103 1379 386 1425 conscientia
404 1397 610 1444 nequam
625 1380 904 1427 adveniente
922 1381 1078 1428 ultore
1094 1393 1507 1429 contremuerunt.

101 1455 242 1502 Tunc
285 1457 678 1505 Normannorum
719 1469 765 1505 et
805 1459 1271 1506 Cenomannensium
1313 1464 1510 1524 majores

101 1536 426 1599 congregavit,
462 1546 509 1583 et
539 1553 703 1584 omnes
733 1536 787 1582 ad
819 1553 981 1600 pacem
1012 1546 1059 1582 et
1078 1537 1309 1600 justitiam
1346 1548 1511 1584 tenen-

100 1608 205 1656 dam
238 1612 378 1676 regali
414 1611 605 1658 hortatu
639 1611 985 1659 corroboravit.
1024 1613 1282 1677 Episcopos
1318 1631 1510 1679 quoque

100 1697 145 1732 et
175 1688 506 1736 ecclesiasticos
527 1690 654 1736 viros
684 1689 932 1736 admonuit
959 1700 1010 1735 ut
1032 1689 1154 1736 bene
1178 1691 1422 1748 viverent,
1457 1703 1511 1737 ut

98 1763 247 1828 legem
277 1766 360 1813 Dei
380 1767 557 1831 jugiter
586 1767 909 1824 revolverent,
941 1778 995 1813 ut
1018 1767 1239 1814 Ecclesiae
1267 1768 1349 1814 Dei
1375 1786 1510 1815 com-

98 1843 309 1890 muniter
332 1847 634 1892 consulerent
649 1881 661 1901 ,
683 1856 737 1890 ut
753 1845 1054 1892 subditorum
1074 1864 1230 1893 mores
1249 1847 1508 1893 secundum

97 1920 207 1965 scita
234 1937 471 1968 canonum
499 1923 820 1987 corrigerent,
854 1934 900 1969 et
924 1941 1088 1970 omnes
1109 1935 1242 1970 caute
1266 1936 1504 1989 regerent.

160 1997 249 2043 IX.
272 1998 415 2046 Anno
435 1999 579 2064 igitur
597 1999 656 2045 ab
677 2001 1008 2047 Incarnatione
1032 2001 1223 2047 Domini
1245 2010 1297 2047 Μῦ
1320 2009 1427 2048 Lxxo
1449 2010 1506 2049 ιιΟ

97 2086 433 2140 congregatum
449 2088 518 2123 est
542 2078 798 2124 concilium
816 2079 865 2124 in
889 2079 1255 2143 metropolitana
1279 2082 1506 2128 Rotoma-

95 2153 246 2216 gensis
262 2153 393 2200 urbis
407 2155 530 2211 sede,
550 2156 599 2201 in
620 2155 804 2201 basilica
820 2155 969 2202 bealae
986 2168 1031 2203 et
1048 2156 1267 2221 gloriosae
1282 2158 1364 2204 Dei
1380 2160 1507 2222 geni-

143 2352 191 2398 (¹)
220 2352 564 2389 Robert-le-Frison
583 2356 730 2399 n'avait,
752 2368 893 2391 comme
910 2369 1000 2391 nous
1016 2358 1148 2392 l'avons
1172 2371 1236 2401 vu,
1261 2359 1339 2392 rien
1354 2361 1373 2392 a
1391 2371 1426 2393 se
1446 2372 1503 2393 re-

34 2454 37 2458 ,
96 2411 254 2456 procher
269 2411 357 2446 dans
376 2412 408 2446 la
425 2421 522 2448 mort
536 2414 580 2448 de
595 2427 659 2449 son
677 2415 791 2458 frere3
812 2415 837 2449 il
852 2416 908 2449 n’a
922 2416 1026 2463 point
1038 2417 1190 2463 possede'
1206 2418 1237 2451 la
1252 2417 1408 2452 Flandre
1423 2421 1504 2465 pres

97 2469 141 2504 de
159 2477 279 2505 trente
296 2483 360 2505 ans
372 2499 381 2514 ‚
406 2473 494 2506 mais
510 2473 710 2508 seulement
730 2474 832 2521 vingt
851 2483 887 2510 et
905 2488 955 2509 un
974 2489 1050 2510 ans,

141 2530 190 2575 (2)
215 2530 284 2565 Ces
302 2530 396 2565 deux
416 2532 558 2577 princes
574 2533 745 2568 n⁷etaieiit
764 2535 867 2580 point
886 2535 1144 2570 beatu-freres.
1163 2536 1332 2582 Philippo
1352 2537 1394 2570 ΙθΓ
1411 2538 1503 2572 avait

96 2590 227 2635 e'pouse
246 2591 396 2633 Berffie,
419 2591 489 2625 fille
508 2592 552 2626 de
570 2592 718 2627 Florent
732 2594 794 2635 ΙΨ,
818 2601 935 2628 comte
951 2594 995 2629 de
1014 2595 1212 2638 I‘lollande,
1232 2604 1268 2630 et
1290 2596 1502 2631 Robert-le*

97 2649 223 2684 Frison
241 2651 427 2686 Gertmide
441 2651 485 2685 de
499 2653 604 2693 Saxe,
623 2665 731 2686 venre
751 2652 794 2686 de
815 2666 853 2686 ce
874 2653 1054 2699 svigneur,
1075 2661 1109 2687 et
1129 2654 1342 2689 belle-nn‘a‘c
1357 2656 1401 2690 de
1417 2657 1502 2691 Phi-

97 2706 192 2753 lippe
