1951 3194
449 303 527 342 ²266
814 300 1056 338 HISTORIA
1087 298 1490 338 ECCLESIASTICA.
1723 303 1861 352 [1075]

449 382 556 428 dem
581 380 811 445 religiosis
840 379 1070 444 episcopis
1093 389 1140 425 et
1163 377 1414 425 abbatibus
1439 397 1559 444 saepe
1585 380 1700 427 flens
1722 398 1864 427 enar-

448 459 600 505 rabat.
626 458 787 522 Spatio
812 458 970 522 itaque
987 457 1128 503 unius
1145 458 1258 503 anni
1272 459 1406 521 juxta
1430 458 1725 505 sacerdotum
1743 476 1865 506 con-

448 535 607 582 silium
655 534 912 598 poenituit,
953 545 1000 581 et
1033 534 1247 598 quotidie
1285 544 1480 581 centum
1518 536 1864 601 quinquaginta

448 610 654 658 Psalmos
679 610 852 666 David,
883 627 1004 676 quos
1024 611 1074 657 in
1095 610 1294 656 infantia
1312 610 1557 669 didicerat,
1579 612 1629 658 in
1647 613 1866 660 oratione

448 689 548 735 Deo
572 689 762 735 cecinit.
787 689 897 735 Erat
919 687 1041 736 idem
1062 689 1135 734 vir
1159 705 1361 754 corpore
1378 706 1575 754 magnus
1596 700 1642 737 et
1660 690 1863 754 elegans,

448 766 664 831 largitate
687 784 740 813 ac
762 766 951 813 audacia
974 767 1137 813 multis
1160 766 1371 813 millibus
1393 778 1642 831 praestans,
1669 766 1866 814 devotus

450 845 537 892 Dei
561 845 738 903 cultor,
765 845 1064 892 sacerdotum
1089 855 1136 892 et
1159 845 1376 892 omnium
1397 845 1730 910 religiosorum
1753 862 1868 909 sup-

447 923 555 987 plex
573 923 781 981 auditor,
802 923 1027 970 Ecclesiae
1044 940 1401 988 pauperumque
1418 922 1654 987 benignus
1669 933 1866 970 amator.

448 1001 542 1048 Pro
566 1000 637 1047 his
661 1012 709 1048 et
727 1001 890 1047 multis
914 1001 1014 1048 aliis
1039 1000 1416 1058 charismatibus,
1437 1000 1610 1065 quibus
1631 1001 1680 1046 in
1701 999 1869 1048 ordine

448 1079 599 1126 laicali
626 1079 890 1143 specialiter
911 1077 1179 1136 fruebatur,
1206 1097 1229 1124 a
1262 1079 1356 1124 suis
1391 1089 1437 1125 et
1467 1077 1524 1124 ab
1556 1078 1752 1135 exteris,
1783 1077 1869 1142 qui

449 1156 549 1204 Deo
580 1156 751 1220 placita
780 1155 977 1220 diligere
1000 1166 1184 1202 norunt
1202 1191 1215 1213 ,
1250 1155 1458 1201 multum
1486 1154 1788 1219 diligebatur,
1821 1164 1870 1201 et

449 1235 633 1298 ereptio
650 1235 747 1298 ejus
762 1252 786 1279 a
803 1234 1006 1280 vinculis
1027 1234 1074 1280 in
1093 1251 1249 1280 annua
1266 1234 1693 1297 procrastinatione
1711 1233 1871 1279 omni-

449 1313 602 1361 modis
626 1312 952 1377 expetebatur.
987 1313 1203 1378 Denique
1231 1312 1491 1376 praevalens
1515 1312 1686 1358 concio
1714 1328 1871 1358 aemu-

448 1390 609 1436 lorum
633 1392 730 1454 ejus
755 1391 805 1437 in
828 1390 959 1436 curia
982 1390 1126 1455 regali
1149 1389 1408 1437 coadunata
1430 1399 1522 1445 est;
1543 1406 1747 1453 eumque
1764 1400 1872 1452 post

449 1469 627 1516 multos
652 1479 878 1516 tractatus
901 1486 1039 1516 reum
1063 1486 1159 1516 esse
1183 1468 1355 1515 mortis
1384 1466 1638 1514 definitum
1666 1476 1759 1524 est,
1786 1466 1871 1531 qui

449 1545 685 1594 sodalibus
718 1546 776 1594 de
803 1557 960 1595 morte
995 1546 1178 1593 domini
1215 1546 1286 1591 sui
1321 1544 1636 1591 tractantibus
1670 1561 1874 1591 consen-

450 1626 588 1681 serit,
616 1643 704 1672 nec
731 1642 810 1672 eos
830 1642 920 1689 pro
947 1624 1084 1671 herili
1113 1625 1260 1672 exitio
1281 1624 1568 1689 perculerit,
1596 1641 1683 1670 nec
1711 1632 1872 1687 aperta

449 1701 686 1749 delatione
718 1703 995 1749 scelerosam
1032 1702 1291 1748 factionem
1323 1702 1570 1749 detexerit.
1604 1701 1702 1748 Nec
1737 1717 1870 1747 mora

449 1778 704 1826 Guallevus
735 1798 759 1826 a
793 1780 1084 1827 Normannis
1101 1816 1114 1836 ,
1161 1780 1243 1844 qui
1287 1780 1555 1826 evasionem
1597 1780 1694 1843 ejus
1736 1777 1872 1825 valde

451 1856 712 1914 timebant,
747 1856 932 1923 sibique
957 1857 1131 1921 praedia
1159 1860 1257 1921 ejus
1282 1868 1329 1904 et
1357 1857 1509 1922 largos
1539 1856 1744 1904 honores
1774 1856 1871 1902 adi·

451 1936 565 1999 pisci
597 1934 881 1999 cupiebant,
914 1945 1046 1982 extra
1078 1934 1244 1981 urbem
1276 1935 1537 1991 Guentam,
1567 1951 1730 1990 mane,
1757 1933 1872 1980 dum

451 2011 603 2058 adhuc
626 2013 832 2077 populus
863 2011 1121 2067 dormiret,
1150 2012 1319 2058 ductus
1350 2022 1419 2059 est
1452 2012 1500 2058 in
1526 2022 1741 2059 montem
1769 2012 1869 2073 (1),

451 2089 534 2135 ubi
561 2107 690 2137 nunc
716 2091 906 2138 ecclesia
931 2090 1079 2137 sancti
1105 2089 1280 2155 AEgidii
1305 2088 1487 2135 abbatis
1513 2100 1560 2136 et
1591 2087 1874 2136 confessoris

453 2178 725 2214 constructa
753 2179 838 2215 est.
864 2167 933 2214 Ibi
955 2178 1103 2215 vestes
1124 2186 1243 2224 suas,
1266 2167 1440 2232 quibus
1461 2177 1514 2213 ut
1533 2166 1700 2214 consul
1725 2165 1874 2213 hono-

451 2245 583 2292 rifice
617 2245 812 2292 indutus
843 2247 1099 2309 processit,
1138 2246 1319 2293 clericis
1352 2257 1398 2293 et
1433 2244 1746 2311 pauperibus,
1790 2245 1873 2308 qui

450 2322 576 2370 forte
600 2322 794 2370 aderant
828 2323 884 2369 ad
909 2323 999 2371 hoc
1023 2324 1370 2388 spectaculum,
1400 2323 1569 2370 devote
1597 2321 1870 2379 distribuit,

452 2400 696 2465 humoque
727 2401 1072 2465 procumbens,
1110 2419 1218 2447 cum
1250 2401 1486 2465 lacrymis·
1505 2411 1551 2447 et
1585 2398 1872 2464 singultibus

458 2479 722 2526 Dominum
746 2479 924 2526 diutius
948 2480 1178 2526 exoravit.

518 2556 733 2620 Cumque
758 2556 1001 2603 carnifices
1027 2557 1321 2621 trepidarent
1352 2574 1411 2603 ne
1435 2558 1556 2603 cives
1583 2556 1720 2601 exciti
1746 2571 1871 2617 prae-

501 2687 550 2730 (ι)
577 2688 639 2720 (ln
662 2687 737 2721 voit
755 2699 886 2722 encore
907 2700 968 2722 sur
985 2695 1078 2722 cette
1100 2687 1251 2731 colline,
1273 2690 1419 2735 separee
1438 2688 1483 2722 de
1502 2687 1738 2721 winchester
1757 2697 1821 2731 par
1838 2684 1871 2718 la

455 2744 584 2776 rixiiwt
603 2744 763 2780 d'ltchin
776 2774 783 2787 ,
802 2746 851 2780 les
870 2746 992 2782 ruincs
1009 2746 1053 2781 (le
1070 2746 1234 2793 Phopital
1249 2747 1311 2793 qui
1330 2759 1351 2791 *v
1371 2760 1388 2780 a
1408 2747 1519 2781 existe
1541 2756 1621 2778 sous
1641 2743 1871 2778 l'ini'ocation

459 2801 502 2834 (ξε
523 2803 613 2835 saint
632 2802 760 2836 Ciues.
